timestamp,instrument_token,last_price,volume,sell_quantity,last_quantity,change,average_price , open,high,low,close ,depth_buy_price_0 ,depth_buy_orders_0 ,depth_buy_quantity_0 ,depth_sell_price_0 ,depth_sell_orders_0 ,depth_sell_quantity_0 ,depth_buy_price_1 ,depth_buy_orders_1 ,depth_buy_quantity_1 ,depth_sell_price_1 ,depth_sell_orders_1 ,depth_sell_quantity_1 ,depth_buy_price_2 ,depth_buy_orders_2 ,depth_buy_quantity_2 ,depth_sell_price_2 ,depth_sell_orders_2 ,depth_sell_quantity_2 ,depth_buy_price_3 ,depth_buy_orders_3 ,depth_buy_quantity_3 ,depth_sell_price_3 ,depth_sell_orders_3 ,depth_sell_quantity_3 ,depth_buy_price_4 ,depth_buy_orders_4 ,depth_buy_quantity_4 ,depth_sell_price_4 ,depth_sell_orders_4 ,depth_sell_quantity_4 
2017-06-20 07:36:00.459670,1195009,166.8,4488900,871258,327,-0.74382624219,166.76,168.0,168.6,165.5,168.05,166.85,2,494,166.9,2,664,166.8,15,5892,166.95,13,3570,166.75,12,4958,167.0,17,4247,166.7,9,5480,167.05,12,4836,166.65,8,12459,167.1,18,6816
2017-06-20 07:35:59.402833,1195009,166.8,4488900,871567,327,-0.74382624219,166.76,168.0,168.6,165.5,168.05,166.8,9,2268,166.9,3,958,166.75,13,4648,166.95,15,4329,166.7,8,3281,167.0,21,6877,166.65,9,8290,167.05,11,4270,166.6,19,11781,167.1,17,6388
2017-06-20 07:35:58.391373,1195009,166.8,4488900,871567,327,-0.74382624219,166.76,168.0,168.6,165.5,168.05,166.8,9,2268,166.9,3,958,166.75,13,4648,166.95,15,4329,166.7,9,3631,167.0,21,6877,166.65,9,8290,167.05,11,4270,166.6,19,11781,167.1,17,6388
2017-06-20 07:35:56.455856,1195009,166.8,4488900,872870,327,-0.74382624219,166.76,168.0,168.6,165.5,168.05,166.8,8,965,166.9,4,2261,166.75,13,4648,166.95,15,4329,166.7,9,3631,167.0,21,6877,166.65,9,8290,167.05,11,4270,166.6,19,11781,167.1,17,6388
2017-06-20 07:35:54.637833,1195009,166.8,4488900,873466,327,-0.74382624219,166.76,168.0,168.6,165.5,168.05,166.8,6,372,166.9,6,2658,166.75,13,4282,166.95,15,4528,166.7,9,3631,167.0,21,6877,166.65,9,8290,167.05,11,4270,166.6,19,11781,167.1,17,6388
2017-06-20 07:35:49.465020,1195009,166.8,4488540,869461,67,-0.74382624219,166.76,168.0,168.6,165.5,168.05,166.8,10,3699,166.9,3,958,166.75,17,10256,166.95,15,4329,166.7,10,5202,167.0,19,5358,166.65,8,12459,167.05,11,4270,166.6,17,9967,167.1,18,8168
2017-06-20 07:36:03.544431,1195009,166.85,4488950,870162,50,-0.714073192502,166.76,168.0,168.6,165.5,168.05,166.85,3,1454,166.9,2,664,166.8,15,5892,166.95,13,3570,166.75,13,5008,167.0,18,4955,166.7,9,5480,167.05,12,4836,166.65,8,12459,167.1,18,6816
2017-06-20 07:35:45.345939,1195009,166.85,4488140,873660,1,-0.714073192502,166.76,168.0,168.6,165.5,168.05,166.85,2,2,166.9,3,958,166.8,13,4106,166.95,16,4628,166.75,15,10226,167.0,19,5358,166.7,11,5389,167.05,11,4270,166.65,8,12459,167.1,18,8168
2017-06-20 07:35:17.631285,1195009,166.85,4487870,869621,13,-0.714073192502,166.76,168.0,168.6,165.5,168.05,166.85,1,1,166.9,4,718,166.8,16,6185,166.95,15,4329,166.75,13,9849,167.0,20,5858,166.7,13,5710,167.05,11,4270,166.65,8,12459,167.1,18,8168
2017-06-20 07:35:07.362470,1195009,166.85,4487807,870431,77,-0.714073192502,166.76,168.0,168.6,165.5,168.05,166.85,1,200,166.9,2,124,166.8,13,4124,166.95,17,4642,166.75,11,8681,167.0,19,6949,166.7,14,5830,167.05,11,4270,166.65,7,6612,167.1,18,8168
2017-06-20 07:35:05.285934,1195009,166.85,4487807,869921,77,-0.714073192502,166.76,168.0,168.6,165.5,168.05,166.85,1,200,166.9,1,114,166.8,13,4124,166.95,16,4142,166.75,11,8681,167.0,19,6949,166.7,14,5830,167.05,11,4270,166.65,7,6612,167.1,17,7643
2017-06-20 07:35:44.391878,1195009,166.9,4488130,873660,186,-0.684320142815,166.76,168.0,168.6,165.5,168.05,166.85,2,2,166.9,3,958,166.8,14,4733,166.95,16,4628,166.75,15,10226,167.0,19,5358,166.7,11,5389,167.05,11,4270,166.65,8,12459,167.1,18,8168
2017-06-20 07:35:38.294888,1195009,166.9,4488130,874173,186,-0.684320142815,166.76,168.0,168.6,165.5,168.05,166.85,2,2,166.9,2,664,166.8,18,6330,166.95,15,4329,166.75,15,10226,167.0,19,5358,166.7,11,5389,167.05,11,4270,166.65,8,12459,167.1,18,8168
2017-06-20 07:35:36.301916,1195009,166.9,4488130,874173,186,-0.684320142815,166.76,168.0,168.6,165.5,168.05,166.85,1,1,166.9,2,664,166.8,18,6330,166.95,15,4329,166.75,15,10226,167.0,19,5358,166.7,11,5389,167.05,11,4270,166.65,8,12459,167.1,18,8168
2017-06-20 07:35:35.391052,1195009,166.9,4488130,874158,186,-0.684320142815,166.76,168.0,168.6,165.5,168.05,166.85,2,178,166.9,2,664,166.8,19,6345,166.95,14,4314,166.75,14,10049,167.0,19,5358,166.7,11,5389,167.05,11,4270,166.65,8,12459,167.1,18,8168
2017-06-20 07:35:29.503815,1195009,166.9,4487930,869561,60,-0.684320142815,166.76,168.0,168.6,165.5,168.05,166.85,1,1,166.9,5,1158,166.8,18,6330,166.95,15,4329,166.75,13,9849,167.0,19,5358,166.7,12,5566,167.05,11,4270,166.65,8,12459,167.1,18,8168
2017-06-20 07:35:23.435557,1195009,166.9,4487930,869561,60,-0.684320142815,166.76,168.0,168.6,165.5,168.05,166.85,1,1,166.9,4,658,166.8,17,6186,166.95,15,4329,166.75,13,9849,167.0,20,5858,166.7,13,5710,167.05,11,4270,166.65,8,12459,167.1,18,8168
2017-06-20 07:35:21.502172,1195009,166.9,4487930,870667,60,-0.684320142815,166.76,168.0,168.6,165.5,168.05,166.85,1,1,166.9,4,658,166.8,16,6185,166.95,15,4329,166.75,13,9849,167.0,20,5858,166.7,13,5710,167.05,11,4270,166.65,8,12459,167.1,18,8168
2017-06-20 07:35:20.224322,136226308,166.9,310411,89086,100,-0.654761904762,167.08,168.95,168.95,165.65,168.0,167.0,1,607,167.1,3,547,166.95,5,2805,167.15,2,901,166.9,9,3373,167.2,5,1961,166.85,10,3270,167.25,6,2892,166.8,6,2097,167.3,15,3533
2017-06-20 07:35:16.346484,136226308,166.9,310411,89086,100,-0.654761904762,167.08,168.95,168.95,165.65,168.0,167.0,2,769,167.1,3,547,166.95,5,2805,167.15,2,901,166.9,10,3423,167.2,5,1961,166.85,9,3220,167.25,6,2892,166.8,7,2247,167.3,13,3283
2017-06-20 07:35:11.473814,1195009,166.9,4487857,870377,50,-0.684320142815,166.76,168.0,168.6,165.5,168.05,166.8,15,6170,166.9,3,368,166.75,15,9879,166.95,15,4329,166.7,13,5723,167.0,20,5858,166.65,8,12459,167.05,11,4270,166.6,18,10017,167.1,18,8168
2017-06-20 07:35:11.473331,136226308,166.9,310411,89086,100,-0.654761904762,167.08,168.95,168.95,165.65,168.0,167.0,2,769,167.1,3,547,166.95,5,2805,167.15,2,901,166.9,9,3373,167.2,5,1961,166.85,9,3070,167.25,6,2892,166.8,7,2397,167.3,15,3533
2017-06-20 07:35:09.495241,1195009,166.9,4487857,873862,50,-0.684320142815,166.76,168.0,168.6,165.5,168.05,166.85,1,200,166.9,3,368,166.8,17,6200,166.95,14,4314,166.75,13,9849,167.0,21,6964,166.7,13,5723,167.05,11,4270,166.65,8,12459,167.1,18,8168
2017-06-20 07:35:07.362634,136226308,166.9,310411,89086,100,-0.654761904762,167.08,168.95,168.95,165.65,168.0,166.95,4,2198,167.1,3,547,166.9,8,2399,167.15,2,901,166.85,10,3920,167.2,5,1961,166.8,9,3178,167.25,6,2892,166.75,5,2097,167.3,14,3383
2017-06-20 07:35:05.286178,136226308,166.9,310411,89086,100,-0.654761904762,167.08,168.95,168.95,165.65,168.0,166.95,4,2096,167.1,3,547,166.9,8,2399,167.15,2,901,166.85,10,3920,167.2,5,1961,166.8,9,3178,167.25,6,2892,166.75,5,2097,167.3,11,2883
2017-06-20 07:36:00.459953,136226308,167.0,311161,89286,50,-0.595238095238,167.08,168.95,168.95,165.65,168.0,167.0,2,490,167.15,2,497,166.95,5,2064,167.2,5,1961,166.9,9,3199,167.25,6,2892,166.85,8,2847,167.3,14,2748,166.8,8,2571,167.35,7,2838
2017-06-20 07:35:59.403293,136226308,167.0,311161,89286,50,-0.595238095238,167.08,168.95,168.95,165.65,168.0,166.95,2,967,167.1,2,497,166.9,7,2349,167.15,3,1508,166.85,7,2483,167.2,5,1961,166.8,11,4370,167.25,6,2892,166.75,7,2492,167.3,15,3533
2017-06-20 07:35:49.463477,136226308,167.0,311111,89336,700,-0.595238095238,167.08,168.95,168.95,165.65,168.0,166.95,4,2643,167.1,3,547,166.9,9,3373,167.15,3,1508,166.85,9,3070,167.2,5,1961,166.8,7,2397,167.25,6,2892,166.75,6,2247,167.3,15,3533
2017-06-20 07:35:45.346057,136226308,167.0,311111,89336,700,-0.595238095238,167.08,168.95,168.95,165.65,168.0,166.95,4,2643,167.1,3,547,166.9,9,3373,167.15,3,1508,166.85,9,3070,167.2,5,1961,166.8,7,2397,167.25,6,2892,166.75,6,2247,167.3,15,3533
2017-06-20 07:35:44.391933,136226308,167.0,311111,89336,700,-0.595238095238,167.08,168.95,168.95,165.65,168.0,166.95,4,2643,167.1,3,547,166.9,9,3373,167.15,3,1508,166.85,10,3270,167.2,5,1961,166.8,6,2097,167.25,6,2892,166.75,6,2247,167.3,15,3533
2017-06-20 07:36:03.543974,128112644,201.6,292910,135491,45,0.448430493274,201.25,201.4,202.9,199.5,200.7,201.6,2,657,201.65,1,100,201.55,2,1601,201.7,2,501,201.5,4,1949,201.75,5,2556,201.45,5,2220,201.8,9,3877,201.4,12,6309,201.85,7,4812
2017-06-20 07:36:00.459761,128112644,201.6,292910,135759,45,0.448430493274,201.25,201.4,202.9,199.5,200.7,201.6,2,657,201.65,2,117,201.55,2,1601,201.7,3,752,201.5,4,1949,201.75,5,2556,201.45,5,2220,201.8,9,3877,201.4,12,6309,201.85,7,4812
2017-06-20 07:35:59.403053,348929,201.6,4678238,1021305,1,0.373412994772,201.14,201.95,202.9,199.4,200.85,201.6,5,2390,201.65,3,104,201.55,6,3501,201.7,6,2195,201.5,15,5503,201.75,17,5867,201.45,11,17338,201.8,17,9728,201.4,16,15693,201.85,16,19690
2017-06-20 07:35:59.402972,128112644,201.6,292865,135759,25,0.448430493274,201.25,201.4,202.9,199.5,200.7,201.6,2,702,201.65,2,117,201.55,1,1350,201.7,3,752,201.5,4,1949,201.75,5,2556,201.45,5,2220,201.8,9,3877,201.4,12,6309,201.85,7,4812
2017-06-20 07:35:53.598111,348929,201.6,4677232,1022178,298,0.373412994772,201.14,201.95,202.9,199.4,200.85,201.6,3,1255,201.65,5,977,201.55,8,8836,201.7,5,415,201.5,19,14953,201.75,16,4087,201.45,9,10616,201.8,17,9728,201.4,15,12936,201.85,16,19690
2017-06-20 07:35:51.788023,128112644,201.6,292865,137109,25,0.448430493274,201.25,201.4,202.9,199.5,200.7,201.6,3,1446,201.65,2,117,201.55,3,2760,201.7,4,2102,201.5,6,2390,201.75,6,2756,201.45,9,5609,201.8,7,2460,201.4,8,2917,201.85,8,5062
2017-06-20 07:35:50.463524,348929,201.6,4677232,1021666,298,0.373412994772,201.14,201.95,202.9,199.4,200.85,201.6,3,1255,201.65,5,977,201.55,8,8836,201.7,5,1792,201.5,19,14953,201.75,18,5758,201.45,9,10616,201.8,17,9728,201.4,15,12936,201.85,16,19690
2017-06-20 07:35:49.465464,128112644,201.6,292865,135495,25,0.448430493274,201.25,201.4,202.9,199.5,200.7,201.6,5,4097,201.7,4,610,201.55,4,3011,201.75,3,1146,201.5,6,2390,201.8,8,2660,201.45,10,5709,201.85,7,4812,201.4,7,2817,201.9,10,4316
2017-06-20 07:35:26.332659,128112644,201.6,292840,135495,63,0.448430493274,201.25,201.4,202.9,199.5,200.7,201.6,4,3871,201.7,4,610,201.55,4,3011,201.75,3,1146,201.5,7,2690,201.8,8,2660,201.45,9,5409,201.85,7,4812,201.4,7,2817,201.9,10,4316
2017-06-20 07:35:24.491886,128112644,201.6,292840,135513,63,0.448430493274,201.25,201.4,202.9,199.5,200.7,201.6,4,3871,201.7,4,628,201.55,4,3011,201.75,3,1146,201.5,7,2690,201.8,8,2660,201.45,9,5409,201.85,7,4812,201.4,7,2817,201.9,10,4316
2017-06-20 07:35:21.502334,348929,201.6,4674617,1022279,27,0.373412994772,201.14,201.95,202.9,199.4,200.85,201.6,5,2588,201.65,6,360,201.55,8,8836,201.7,7,3043,201.5,16,14066,201.75,16,4880,201.45,7,10383,201.8,15,9023,201.4,16,12602,201.85,15,18220
2017-06-20 07:35:20.224259,348929,201.6,4674617,1022270,27,0.373412994772,201.14,201.95,202.9,199.4,200.85,201.6,5,2588,201.65,5,351,201.55,9,8866,201.7,7,3043,201.5,16,14066,201.75,16,4880,201.45,7,10383,201.8,15,9023,201.4,16,12602,201.85,15,18220
2017-06-20 07:35:18.995766,128112644,201.6,292840,135717,63,0.448430493274,201.25,201.4,202.9,199.5,200.7,201.6,2,1171,201.65,2,105,201.55,4,3011,201.7,3,752,201.5,6,2390,201.75,4,1346,201.45,9,5609,201.8,7,2460,201.4,8,2917,201.85,7,2978
2017-06-20 07:35:11.473656,128112644,201.6,292840,135712,63,0.448430493274,201.25,201.4,202.9,199.5,200.7,201.6,2,1171,201.65,1,100,201.55,4,3011,201.7,3,752,201.5,6,2390,201.75,4,1346,201.45,9,5609,201.8,7,2460,201.4,8,2917,201.85,7,2978
2017-06-20 07:35:07.362607,348929,201.6,4674160,1016690,27,0.373412994772,201.14,201.95,202.9,199.4,200.85,201.6,5,2837,201.65,2,39,201.55,12,10193,201.7,5,1012,201.5,14,13429,201.75,15,4879,201.45,7,10383,201.8,12,5032,201.4,17,13602,201.85,14,17683
2017-06-20 07:35:06.342514,128112644,201.6,292840,134212,63,0.448430493274,201.25,201.4,202.9,199.5,200.7,201.6,4,3871,201.65,1,100,201.55,4,3011,201.7,2,252,201.5,6,2390,201.75,3,1146,201.45,9,5609,201.8,8,2660,201.4,8,2917,201.85,6,2728
2017-06-20 07:35:06.342070,348929,201.6,4674160,1016755,27,0.373412994772,201.14,201.95,202.9,199.4,200.85,201.6,5,2837,201.65,2,39,201.55,12,10193,201.7,6,1075,201.5,14,13429,201.75,15,4881,201.45,7,10383,201.8,12,5032,201.4,18,16102,201.85,14,17683
2017-06-20 07:35:05.285652,128112644,201.6,292777,133962,100,0.448430493274,201.25,201.4,202.9,199.5,200.7,201.6,4,3934,201.65,1,100,201.55,4,3011,201.7,2,252,201.5,6,2390,201.75,3,896,201.45,9,5609,201.8,8,2660,201.4,8,2917,201.85,6,2728
2017-06-20 07:36:02.801346,348929,201.65,4678612,1020972,15,0.398307194424,201.14,201.95,202.9,199.4,200.85,201.6,5,2562,201.65,1,22,201.55,6,3501,201.7,5,1944,201.5,15,5503,201.75,17,5867,201.45,11,17338,201.8,17,9728,201.4,16,15693,201.85,17,20224
2017-06-20 07:36:01.776965,348929,201.65,4678612,1020972,15,0.398307194424,201.14,201.95,202.9,199.4,200.85,201.6,5,2562,201.65,1,22,201.55,6,3501,201.7,4,164,201.5,15,5503,201.75,17,5867,201.45,11,17338,201.8,17,9728,201.4,16,15693,201.85,17,20224
2017-06-20 07:36:00.459844,348929,201.65,4678518,1020987,22,0.398307194424,201.14,201.95,202.9,199.4,200.85,201.6,6,2641,201.65,1,37,201.55,6,3501,201.7,4,164,201.5,15,5503,201.75,17,5867,201.45,11,17338,201.8,17,9728,201.4,16,15693,201.85,17,20224
2017-06-20 07:35:57.341142,348929,201.65,4678237,1021305,23,0.398307194424,201.14,201.95,202.9,199.4,200.85,201.6,5,1531,201.65,3,104,201.55,9,9399,201.7,6,2195,201.5,20,15003,201.75,17,5867,201.45,9,10616,201.8,17,9728,201.4,15,12936,201.85,16,19690
2017-06-20 07:35:49.465520,348929,201.65,4676934,1021066,1,0.398307194424,201.14,201.95,202.9,199.4,200.85,201.6,3,1553,201.65,4,377,201.55,7,8585,201.7,5,1792,201.5,18,14161,201.75,18,5758,201.45,8,10408,201.8,17,9728,201.4,16,13436,201.85,16,19690
2017-06-20 07:35:45.346030,348929,201.65,4676923,1020803,6,0.398307194424,201.14,201.95,202.9,199.4,200.85,201.6,3,1553,201.65,1,9,201.55,8,8836,201.7,6,1897,201.5,17,14111,201.75,18,5758,201.45,8,10408,201.8,17,9728,201.4,16,13436,201.85,15,18220
2017-06-20 07:35:44.391906,348929,201.65,4676923,1020552,6,0.398307194424,201.14,201.95,202.9,199.4,200.85,201.6,3,1553,201.65,1,9,201.55,9,9334,201.7,5,1646,201.5,17,14111,201.75,17,4904,201.45,8,10408,201.8,17,9728,201.4,16,13436,201.85,15,18220
2017-06-20 07:35:42.301665,348929,201.65,4676923,1020552,6,0.398307194424,201.14,201.95,202.9,199.4,200.85,201.6,5,2686,201.65,1,9,201.55,9,9334,201.7,5,1646,201.5,17,14111,201.75,17,4904,201.45,8,10408,201.8,16,9045,201.4,15,12582,201.85,15,18220
2017-06-20 07:35:40.286454,348929,201.65,4676610,1020537,9,0.398307194424,201.14,201.95,202.9,199.4,200.85,201.65,3,277,201.7,4,1640,201.6,4,2407,201.75,17,4904,201.55,9,9334,201.8,16,9045,201.5,17,14111,201.85,15,18220,201.45,8,10408,201.9,17,23144
2017-06-20 07:35:36.301970,348929,201.65,4676601,1020537,18,0.398307194424,201.14,201.95,202.9,199.4,200.85,201.65,3,286,201.7,4,1640,201.6,4,2407,201.75,17,4904,201.55,9,9334,201.8,16,9045,201.5,17,14111,201.85,15,18220,201.45,7,10383,201.9,17,23144
2017-06-20 07:35:30.345020,348929,201.65,4675218,1021686,1,0.398307194424,201.14,201.95,202.9,199.4,200.85,201.65,2,401,201.7,7,2810,201.6,4,2407,201.75,16,4880,201.55,8,8836,201.8,15,9023,201.5,16,14066,201.85,15,18220,201.45,7,10383,201.9,17,23144
2017-06-20 07:35:27.349068,348929,201.65,4675218,1021686,1,0.398307194424,201.14,201.95,202.9,199.4,200.85,201.65,2,401,201.7,7,2810,201.6,3,2307,201.75,16,4880,201.55,8,8836,201.8,15,9023,201.5,16,14066,201.85,15,18220,201.45,7,10383,201.9,17,23144
2017-06-20 07:35:26.332824,348929,201.65,4675217,1021668,25,0.398307194424,201.14,201.95,202.9,199.4,200.85,201.65,2,402,201.7,6,2792,201.6,3,2307,201.75,16,4880,201.55,8,8836,201.8,15,9023,201.5,16,14066,201.85,15,18220,201.45,7,10383,201.9,17,23144
2017-06-20 07:35:23.435640,348929,201.65,4675217,1021919,25,0.398307194424,201.14,201.95,202.9,199.4,200.85,201.65,1,400,201.7,7,3043,201.6,4,2309,201.75,16,4880,201.55,8,8836,201.8,15,9023,201.5,16,14066,201.85,15,18220,201.45,7,10383,201.9,17,23144
2017-06-20 07:35:22.444641,348929,201.65,4675192,1021919,56,0.398307194424,201.14,201.95,202.9,199.4,200.85,201.65,1,425,201.7,7,3043,201.6,4,2309,201.75,16,4880,201.55,8,8836,201.8,15,9023,201.5,16,14066,201.85,15,18220,201.45,7,10383,201.9,17,23144
2017-06-20 07:35:15.544841,348929,201.65,4674590,1018693,1,0.398307194424,201.14,201.95,202.9,199.4,200.85,201.6,6,2838,201.65,3,317,201.55,11,9863,201.7,5,1012,201.5,15,13529,201.75,15,4879,201.45,7,10383,201.8,13,6032,201.4,17,13602,201.85,14,17683
2017-06-20 07:35:14.376321,348929,201.65,4674590,1018393,1,0.398307194424,201.14,201.95,202.9,199.4,200.85,201.6,6,2838,201.65,3,317,201.55,11,9863,201.7,5,1012,201.5,15,13529,201.75,15,4879,201.45,7,10383,201.8,13,6032,201.4,17,13602,201.85,14,17683
2017-06-20 07:35:13.321900,348929,201.65,4674590,1018093,1,0.398307194424,201.14,201.95,202.9,199.4,200.85,201.6,6,2838,201.65,3,317,201.55,11,9863,201.7,5,1012,201.5,15,13529,201.75,15,4879,201.45,7,10383,201.8,13,6032,201.4,17,13602,201.85,14,17683
2017-06-20 07:35:12.447890,348929,201.65,4674589,1018094,189,0.398307194424,201.14,201.95,202.9,199.4,200.85,201.6,6,2838,201.65,3,318,201.55,11,9863,201.7,5,1012,201.5,15,13529,201.75,15,4879,201.45,7,10383,201.8,13,6032,201.4,17,13602,201.85,14,17683
2017-06-20 07:35:11.473302,348929,201.65,4674589,1018094,189,0.398307194424,201.14,201.95,202.9,199.4,200.85,201.6,6,2838,201.65,3,318,201.55,10,9403,201.7,5,1012,201.5,15,13529,201.75,15,4879,201.45,7,10383,201.8,13,6032,201.4,17,13602,201.85,14,17683
2017-06-20 07:36:05.405055,348929,201.7,4679214,1020549,6,0.423201394075,201.14,201.95,202.9,199.4,200.85,201.65,3,1049,201.7,3,14,201.6,7,5746,201.75,13,2980,201.55,10,13315,201.8,15,6413,201.5,20,15003,201.85,8,2405,201.45,10,14116,201.9,10,3934
2017-06-20 07:35:35.391080,348929,201.7,4676233,1020905,100,0.423201394075,201.14,201.95,202.9,199.4,200.85,201.65,3,304,201.7,6,2008,201.6,4,2407,201.75,17,4904,201.55,8,8836,201.8,16,9045,201.5,17,14111,201.85,15,18220,201.45,7,10383,201.9,17,23144
2017-06-20 07:35:34.595533,348929,201.7,4676083,1020985,15,0.423201394075,201.14,201.95,202.9,199.4,200.85,201.65,3,304,201.7,6,2158,201.6,4,2407,201.75,17,4904,201.55,8,8836,201.8,16,9045,201.5,16,14066,201.85,15,18220,201.45,7,10383,201.9,17,23144
2017-06-20 07:35:33.587078,348929,201.7,4676083,1020834,15,0.423201394075,201.14,201.95,202.9,199.4,200.85,201.65,3,304,201.7,5,2053,201.6,4,2407,201.75,16,4880,201.55,8,8836,201.8,15,9023,201.5,16,14066,201.85,15,18220,201.45,7,10383,201.9,17,23144
2017-06-20 07:35:05.286150,348929,201.7,4673971,1016529,14,0.423201394075,201.14,201.95,202.9,199.4,200.85,201.65,5,13,201.7,8,1137,201.6,5,3268,201.75,14,4632,201.55,12,10193,201.8,12,5032,201.5,14,13429,201.85,14,17683,201.45,7,10383,201.9,16,21671
2017-06-20 07:36:00.459557,128108804,239.7,88646,169376,1000,0.947567909033,239.49,237.5,241.3,236.65,237.45,239.85,2,646,240.05,4,1147,239.8,1,347,240.1,2,574,239.75,2,757,240.15,1,175,239.7,2,348,240.2,3,404,239.65,3,531,240.25,1,40
2017-06-20 07:35:59.403384,128108804,239.7,88646,167376,1000,0.947567909033,239.49,237.5,241.3,236.65,237.45,239.85,2,646,240.05,4,1147,239.8,1,347,240.2,4,804,239.75,2,757,240.25,2,215,239.7,4,777,240.3,5,718,239.65,4,1039,240.35,2,640
2017-06-20 07:35:49.463673,128108804,239.7,88646,166966,1000,0.947567909033,239.49,237.5,241.3,236.65,237.45,239.85,3,1056,240.05,2,573,239.8,2,757,240.2,4,804,239.75,2,757,240.25,2,215,239.7,4,777,240.3,5,718,239.65,4,1039,240.35,2,640
2017-06-20 07:35:44.391445,128108804,239.7,88646,166966,1000,0.947567909033,239.49,237.5,241.3,236.65,237.45,239.85,3,1056,240.05,2,573,239.8,2,757,240.2,4,804,239.75,2,757,240.25,2,215,239.7,4,777,240.3,5,718,239.65,4,1039,240.35,2,640
2017-06-20 07:35:40.286619,128108804,239.7,88646,167033,1000,0.947567909033,239.49,237.5,241.3,236.65,237.45,239.8,8,1525,240.05,3,737,239.75,2,757,240.1,2,241,239.7,5,1280,240.15,2,575,239.65,3,531,240.2,4,658,239.6,5,1158,240.25,1,132
2017-06-20 07:35:34.595131,128108804,239.7,88646,167443,1000,0.947567909033,239.49,237.5,241.3,236.65,237.45,239.75,4,1154,240.05,4,1147,239.7,5,1128,240.1,4,815,239.65,3,531,240.15,1,175,239.6,5,825,240.2,5,698,239.55,1,508,240.25,2,640
2017-06-20 07:35:32.512046,128108804,239.7,88646,167494,1000,0.947567909033,239.49,237.5,241.3,236.65,237.45,239.75,2,397,240.05,4,1147,239.7,3,780,240.1,4,815,239.65,4,878,240.15,2,215,239.6,3,523,240.2,5,709,239.55,1,254,240.25,2,640
2017-06-20 07:35:21.502388,128108804,239.7,88646,167039,1000,0.947567909033,239.49,237.5,241.3,236.65,237.45,239.75,1,625,239.95,3,692,239.7,1,23,240.05,1,400,239.65,5,1288,240.1,3,415,239.6,2,348,240.15,2,215,239.55,2,429,240.2,5,709
2017-06-20 07:35:20.224466,128108804,239.7,88646,167039,1000,0.947567909033,239.49,237.5,241.3,236.65,237.45,239.7,1,580,239.95,3,692,239.65,5,1288,240.05,1,400,239.6,3,371,240.1,3,415,239.55,2,429,240.15,2,215,239.5,6,1169,240.2,5,709
2017-06-20 07:35:13.322037,128108804,239.8,87646,167102,190,0.989682038324,239.49,237.5,241.3,236.65,237.45,239.7,5,1580,239.95,3,692,239.65,5,1288,240.05,1,400,239.6,3,371,240.1,5,518,239.55,3,768,240.15,1,175,239.5,6,1169,240.2,5,709
2017-06-20 07:35:07.362151,128108804,239.8,87646,167102,190,0.989682038324,239.49,237.5,241.3,236.65,237.45,239.7,5,1580,239.95,2,573,239.65,5,1288,240.05,1,400,239.6,3,371,240.1,4,478,239.55,3,768,240.15,2,215,239.5,6,1169,240.2,5,709
2017-06-20 07:35:06.342243,128108804,239.8,87646,167167,190,0.989682038324,239.49,237.5,241.3,236.65,237.45,239.7,5,1580,239.95,2,573,239.65,5,1288,240.0,3,639,239.6,3,371,240.05,1,175,239.55,3,768,240.1,4,478,239.5,6,1169,240.15,2,172
2017-06-20 07:35:05.285098,128108804,239.8,87646,167167,190,0.989682038324,239.49,237.5,241.3,236.65,237.45,239.7,5,1580,239.95,2,573,239.65,5,1288,240.0,3,639,239.6,3,371,240.05,1,175,239.55,3,768,240.1,5,518,239.5,5,661,240.15,1,132
2017-06-20 07:35:16.346454,325121,240.0,981158,398929,271,0.925147182506,239.83,238.0,241.55,236.5,237.8,240.0,4,2486,240.1,1,42,239.95,2,202,240.2,2,2581,239.9,2,83,240.25,3,2769,239.85,4,1737,240.3,4,1475,239.8,10,5323,240.35,6,4761
2017-06-20 07:35:15.544813,325121,240.0,981158,398738,271,0.925147182506,239.83,238.0,241.55,236.5,237.8,240.0,4,2486,240.1,1,42,239.95,2,202,240.2,2,2581,239.9,2,83,240.25,1,2500,239.85,4,1737,240.3,4,1475,239.8,10,5323,240.35,6,4761
2017-06-20 07:35:14.376268,325121,240.0,981158,398708,271,0.925147182506,239.83,238.0,241.55,236.5,237.8,240.0,4,2486,240.1,1,42,239.95,2,202,240.2,2,2581,239.9,2,83,240.25,1,2500,239.85,4,1737,240.3,4,1475,239.8,10,5323,240.35,6,4761
2017-06-20 07:35:13.321872,325121,240.0,980887,398708,1,0.925147182506,239.83,238.0,241.55,236.5,237.8,240.0,4,2757,240.1,1,42,239.95,2,202,240.2,2,2581,239.9,2,83,240.25,1,2500,239.85,4,1737,240.3,4,1475,239.8,10,5323,240.35,6,4761
2017-06-20 07:35:12.448027,325121,240.05,980886,398708,34,0.946173254836,239.83,238.0,241.55,236.5,237.8,240.0,4,2758,240.1,1,42,239.95,2,202,240.2,2,2581,239.9,2,83,240.25,1,2500,239.85,4,1737,240.3,4,1475,239.8,10,5323,240.35,6,4761
2017-06-20 07:35:09.495323,325121,240.05,980886,398693,34,0.946173254836,239.83,238.0,241.55,236.5,237.8,240.0,4,2758,240.1,1,42,239.95,3,277,240.2,2,2581,239.9,1,2,240.25,1,2500,239.85,4,1737,240.3,3,1460,239.8,10,5323,240.35,6,4761
2017-06-20 07:35:07.362581,325121,240.05,980886,401346,34,0.946173254836,239.83,238.0,241.55,236.5,237.8,240.0,4,2758,240.1,1,42,239.95,3,277,240.15,3,2902,239.9,2,612,240.2,2,402,239.85,4,1737,240.25,4,4545,239.8,10,5323,240.3,5,3762
2017-06-20 07:35:06.341991,325121,240.05,980886,401346,34,0.946173254836,239.83,238.0,241.55,236.5,237.8,240.0,4,2758,240.1,1,42,239.95,1,50,240.15,3,2902,239.9,2,83,240.2,2,402,239.85,4,1737,240.25,4,4545,239.8,10,5323,240.3,5,3762
2017-06-20 07:35:05.286123,325121,240.05,980886,401346,34,0.946173254836,239.83,238.0,241.55,236.5,237.8,240.0,4,2758,240.1,2,123,239.9,3,133,240.15,3,2902,239.85,2,267,240.2,1,321,239.8,9,4313,240.25,4,4545,239.75,6,3115,240.3,5,3762
2017-06-20 07:35:18.995292,325121,240.1,981159,398928,1,0.967199327166,239.83,238.0,241.55,236.5,237.8,240.0,4,2486,240.1,1,41,239.95,2,202,240.2,2,2581,239.9,2,83,240.25,3,2769,239.85,4,1737,240.3,4,1475,239.8,10,5323,240.35,6,4761
2017-06-20 07:36:04.665310,325121,240.2,981510,398361,100,1.00925147183,239.83,238.0,241.55,236.5,237.8,240.15,3,136,240.2,1,1975,240.05,1,81,240.25,1,46,240.0,5,2589,240.3,3,698,239.95,1,937,240.35,5,4144,239.9,2,1203,240.4,7,4727
2017-06-20 07:36:02.801236,325121,240.2,981510,398025,100,1.00925147183,239.83,238.0,241.55,236.5,237.8,240.15,2,135,240.2,1,1975,240.05,1,81,240.25,1,46,240.0,4,2381,240.3,2,362,239.95,1,937,240.35,5,4144,239.9,2,1203,240.4,7,4727
2017-06-20 07:35:58.391609,325121,240.2,981410,398125,129,1.00925147183,239.83,238.0,241.55,236.5,237.8,240.15,2,135,240.2,1,2075,240.05,3,133,240.25,1,46,240.0,3,2650,240.3,2,362,239.95,3,1980,240.35,3,762,239.9,3,2213,240.4,5,1615
2017-06-20 07:35:49.465156,325121,240.2,981410,398125,129,1.00925147183,239.83,238.0,241.55,236.5,237.8,240.15,2,135,240.25,1,46,240.1,2,52,240.3,2,362,240.05,1,81,240.35,3,762,240.0,3,2650,240.4,5,1615,239.95,3,1980,240.45,5,4800
2017-06-20 07:35:44.392091,325121,240.2,981410,397974,129,1.00925147183,239.83,238.0,241.55,236.5,237.8,240.15,2,135,240.25,1,46,240.1,3,133,240.3,2,362,240.05,1,184,240.35,3,689,240.0,3,2650,240.4,5,1615,239.95,4,2188,240.45,5,4800
2017-06-20 07:35:41.486541,325121,240.2,981410,397627,129,1.00925147183,239.83,238.0,241.55,236.5,237.8,240.15,1,129,240.25,1,46,240.1,3,133,240.3,1,15,240.05,2,190,240.35,2,79,240.0,4,3532,240.4,5,1615,239.95,5,3198,240.45,5,4800
2017-06-20 07:35:34.595508,325121,240.2,981410,396855,129,1.00925147183,239.83,238.0,241.55,236.5,237.8,240.05,4,431,240.25,2,393,240.0,4,2381,240.3,3,683,239.95,4,1060,240.35,6,5159,239.9,2,1203,240.4,8,4298,239.85,6,3791,240.45,4,2168
2017-06-20 07:35:33.587039,325121,240.2,981410,399355,129,1.00925147183,239.83,238.0,241.55,236.5,237.8,240.05,3,286,240.25,4,3240,240.0,4,2381,240.3,4,1475,239.95,2,691,240.35,6,4761,239.9,2,1203,240.4,7,2196,239.85,7,3910,240.45,5,4267
2017-06-20 07:35:20.224412,325121,240.2,981410,399070,129,1.00925147183,239.83,238.0,241.55,236.5,237.8,240.0,4,2486,240.2,2,2718,239.95,2,131,240.25,4,2815,239.9,2,612,240.3,4,1475,239.85,4,1737,240.35,6,4761,239.8,10,5323,240.4,7,2196
2017-06-20 07:35:23.435721,136519172,253.7,53612,63171,1,-0.0787711697519,253.84,254.0,254.95,253.1,253.9,253.7,5,1365,253.95,2,680,253.65,2,261,254.0,5,403,253.6,6,1596,254.05,1,149,253.55,1,100,254.1,8,1147,253.5,8,1259,254.15,4,651
2017-06-20 07:35:59.403133,5215745,253.75,538892,371239,25,-0.0787556605631,253.82,254.45,255.0,253.0,253.95,253.75,7,103,253.8,3,298,253.7,7,1020,253.85,2,35,253.65,4,422,253.9,9,1468,253.6,4,354,253.95,8,1571,253.55,4,1320,254.0,11,4142
2017-06-20 07:35:38.295013,5215745,253.75,538847,371184,1,-0.0787556605631,253.82,254.45,255.0,253.0,253.95,253.75,5,110,253.8,4,243,253.7,7,1020,253.85,5,719,253.65,3,258,253.9,9,1468,253.6,5,454,253.95,8,3078,253.55,4,1300,254.0,9,2094
2017-06-20 07:35:36.301437,5215745,253.75,538847,371184,1,-0.0787556605631,253.82,254.45,255.0,253.0,253.95,253.75,5,110,253.8,4,243,253.7,7,1020,253.85,2,35,253.65,4,451,253.9,8,1325,253.6,5,454,253.95,8,1571,253.55,4,1300,254.0,11,4142
2017-06-20 07:35:35.391225,5215745,253.75,538847,371184,1,-0.0787556605631,253.82,254.45,255.0,253.0,253.95,253.75,5,110,253.8,4,243,253.7,7,1020,253.85,2,35,253.65,4,451,253.9,8,1325,253.6,5,454,253.95,8,1571,253.55,4,1300,254.0,11,4142
2017-06-20 07:35:34.595688,5215745,253.75,538846,371184,12,-0.0787556605631,253.82,254.45,255.0,253.0,253.95,253.75,5,111,253.8,4,243,253.7,7,1020,253.85,2,35,253.65,4,451,253.9,8,1325,253.6,5,454,253.95,8,1571,253.55,4,1300,254.0,11,4142
2017-06-20 07:35:14.376379,5215745,253.75,538514,371241,40,-0.0787556605631,253.82,254.45,255.0,253.0,253.95,253.75,6,61,253.8,5,500,253.7,6,900,253.85,2,35,253.65,3,443,253.9,8,1325,253.6,6,574,253.95,8,1571,253.55,4,1300,254.0,12,4442
2017-06-20 07:35:13.322010,5215745,253.75,538514,371240,40,-0.0787556605631,253.82,254.45,255.0,253.0,253.95,253.75,5,41,253.8,5,500,253.7,6,900,253.85,1,34,253.65,3,443,253.9,8,1325,253.6,6,574,253.95,8,1571,253.55,4,1300,254.0,12,4442
2017-06-20 07:35:57.341256,5215745,253.8,538867,371239,7,-0.0590667454223,253.82,254.45,255.0,253.0,253.95,253.75,6,111,253.8,3,298,253.7,7,1020,253.85,2,35,253.65,4,422,253.9,9,1468,253.6,4,354,253.95,8,1571,253.55,4,1320,254.0,11,4142
2017-06-20 07:35:53.598244,5215745,253.8,538867,371164,7,-0.0590667454223,253.82,254.45,255.0,253.0,253.95,253.75,6,111,253.8,2,223,253.7,7,1020,253.85,5,719,253.65,4,422,253.9,9,1468,253.6,5,454,253.95,8,3078,253.55,4,1320,254.0,9,2094
2017-06-20 07:35:50.463605,5215745,253.8,538867,371164,7,-0.0590667454223,253.82,254.45,255.0,253.0,253.95,253.75,6,111,253.8,2,223,253.7,7,1020,253.85,5,719,253.65,3,258,253.9,9,1468,253.6,5,454,253.95,8,3078,253.55,4,1320,254.0,9,2094
2017-06-20 07:35:49.465656,5215745,253.8,538867,371347,7,-0.0590667454223,253.82,254.45,255.0,253.0,253.95,253.75,6,111,253.8,2,223,253.7,7,1020,253.85,6,902,253.65,3,258,253.9,9,1468,253.6,4,311,253.95,8,3078,253.55,4,1320,254.0,9,2094
2017-06-20 07:35:39.449259,5215745,253.8,538867,370929,7,-0.0590667454223,253.82,254.45,255.0,253.0,253.95,253.75,5,110,253.8,2,223,253.7,7,1020,253.85,5,719,253.65,3,258,253.9,9,1468,253.6,5,454,253.95,8,3078,253.55,4,1300,254.0,9,2094
2017-06-20 07:35:26.332878,5215745,253.8,538646,371109,63,-0.0590667454223,253.82,254.45,255.0,253.0,253.95,253.75,9,163,253.8,4,368,253.7,6,900,253.85,2,35,253.65,4,451,253.9,8,1325,253.6,6,574,253.95,8,1571,253.55,4,1300,254.0,11,4142
2017-06-20 07:35:25.546299,5215745,253.8,538546,371209,32,-0.0590667454223,253.82,254.45,255.0,253.0,253.95,253.75,9,163,253.8,5,468,253.7,6,900,253.85,2,35,253.65,3,443,253.9,8,1325,253.6,6,574,253.95,8,1571,253.55,4,1300,254.0,11,4142
2017-06-20 07:35:24.491697,5215745,253.8,538546,371209,32,-0.0590667454223,253.82,254.45,255.0,253.0,253.95,253.75,8,63,253.8,5,468,253.7,6,900,253.85,2,35,253.65,3,443,253.9,8,1325,253.6,6,574,253.95,8,1571,253.55,4,1300,254.0,11,4142
2017-06-20 07:35:23.435779,5215745,253.8,538546,371209,32,-0.0590667454223,253.82,254.45,255.0,253.0,253.95,253.75,8,63,253.8,5,468,253.7,6,900,253.85,2,35,253.65,3,443,253.9,8,1325,253.6,6,574,253.95,8,1571,253.55,4,1300,254.0,11,4142
2017-06-20 07:35:19.460469,5215745,253.8,538546,371209,32,-0.0590667454223,253.82,254.45,255.0,253.0,253.95,253.75,7,62,253.8,5,468,253.7,6,900,253.85,2,35,253.65,3,443,253.9,8,1325,253.6,6,574,253.95,8,1571,253.55,4,1300,254.0,11,4142
2017-06-20 07:35:11.473414,5215745,253.8,538314,370392,60,-0.0590667454223,253.82,254.45,255.0,253.0,253.95,253.75,7,160,253.8,5,500,253.7,6,900,253.85,1,34,253.65,2,250,253.9,8,1325,253.6,6,574,253.95,8,1571,253.55,4,1300,254.0,12,4442
2017-06-20 07:35:10.236477,5215745,253.8,538254,370452,15,-0.0590667454223,253.82,254.45,255.0,253.0,253.95,253.75,7,160,253.8,5,560,253.7,6,900,253.85,1,34,253.65,3,451,253.9,8,1325,253.6,6,574,253.95,8,1571,253.55,4,1300,254.0,12,4442
2017-06-20 07:35:07.362684,5215745,253.8,538254,370374,15,-0.0590667454223,253.82,254.45,255.0,253.0,253.95,253.75,7,160,253.8,5,560,253.7,7,1097,253.85,1,34,253.65,3,451,253.9,8,1325,253.6,6,574,253.95,7,1393,253.55,4,1300,254.0,12,4442
2017-06-20 07:35:05.284931,5215745,253.8,538254,370374,15,-0.0590667454223,253.82,254.45,255.0,253.0,253.95,253.75,6,140,253.8,5,560,253.7,7,1097,253.85,1,34,253.65,3,451,253.9,8,1325,253.6,6,574,253.95,7,1393,253.55,4,1300,254.0,12,4442
2017-06-20 07:35:55.532683,136519172,253.95,53622,63161,10,0.019692792438,253.84,254.0,254.95,253.1,253.9,253.7,5,1365,253.95,3,685,253.65,2,261,254.0,5,428,253.6,6,1596,254.05,1,149,253.55,1,100,254.1,8,1395,253.5,8,1259,254.15,3,532
2017-06-20 07:35:49.465736,136519172,253.95,53622,63751,10,0.019692792438,253.84,254.0,254.95,253.1,253.9,253.7,3,1067,253.9,2,605,253.6,4,958,253.95,2,670,253.55,2,212,254.0,8,1245,253.5,6,610,254.05,1,119,253.45,3,257,254.1,9,1539
2017-06-20 07:35:44.392150,136519172,253.95,53622,63751,10,0.019692792438,253.84,254.0,254.95,253.1,253.9,253.7,3,1067,253.9,2,605,253.6,4,958,253.95,2,670,253.55,2,212,254.0,8,1245,253.5,6,610,254.05,1,119,253.45,3,257,254.1,9,1539
2017-06-20 07:35:38.294953,136519172,253.95,53622,63161,10,0.019692792438,253.84,254.0,254.95,253.1,253.9,253.7,5,1365,253.9,1,15,253.65,2,261,253.95,2,670,253.6,6,1596,254.0,7,726,253.55,1,100,254.05,1,119,253.5,8,1259,254.1,9,1539
2017-06-20 07:35:11.473359,136519172,253.95,53611,63131,10,0.019692792438,253.84,254.0,254.95,253.1,253.9,253.7,5,1366,253.95,3,695,253.65,2,261,254.0,4,388,253.6,6,1596,254.05,1,149,253.55,1,100,254.1,7,1107,253.5,8,1259,254.15,4,651
2017-06-20 07:35:05.284824,136519172,253.95,53611,63121,10,0.019692792438,253.84,254.0,254.95,253.1,253.9,253.7,3,1068,253.95,3,695,253.6,4,958,254.0,5,897,253.55,2,212,254.05,2,268,253.5,6,610,254.1,7,1107,253.45,4,737,254.15,3,532
2017-06-20 07:35:49.463700,136308228,366.3,67693,68976,175,-0.2043318349,367.91,368.0,370.4,365.6,367.05,366.3,2,194,366.4,1,22,366.2,1,500,366.5,2,204,366.15,3,309,366.55,1,192,366.1,1,99,366.6,3,272,366.05,1,338,366.65,1,119
2017-06-20 07:35:42.301852,136308228,366.3,67693,68976,175,-0.2043318349,367.91,368.0,370.4,365.6,367.05,366.3,2,194,366.4,1,22,366.2,1,500,366.5,2,204,366.15,3,309,366.55,1,192,366.1,1,99,366.6,3,272,366.05,1,338,366.65,1,119
2017-06-20 07:35:05.285377,136308228,366.3,67693,71990,175,-0.2043318349,367.91,368.0,370.4,365.6,367.05,366.1,2,208,366.35,3,224,366.05,1,105,366.4,1,192,366.0,4,509,366.45,1,105,365.95,1,11,366.5,2,168,365.9,1,70,366.6,6,878
2017-06-20 07:35:59.403423,136308228,366.4,67743,71419,50,-0.177087590247,367.9,368.0,370.4,365.6,367.05,366.45,3,208,366.65,1,50,366.4,1,99,366.8,1,192,366.35,1,315,366.9,3,269,366.3,3,497,367.0,4,672,366.25,3,166,367.05,4,1562
2017-06-20 07:36:02.801721,136308228,366.65,67793,71558,50,-0.108976978613,367.9,368.0,370.4,365.6,367.05,366.65,4,495,366.9,1,50,366.6,3,309,367.05,1,105,366.55,1,11,367.1,2,176,366.5,2,155,367.15,1,338,366.45,5,1285,367.2,5,564
2017-06-20 07:36:01.777055,136308228,366.65,67793,71627,50,-0.108976978613,367.9,368.0,370.4,365.6,367.05,366.65,4,495,366.9,3,347,366.6,4,320,367.0,2,188,366.5,2,155,367.05,2,210,366.45,5,1285,367.1,3,671,366.4,6,1082,367.15,1,676
2017-06-20 07:36:00.459590,136308228,366.65,67793,71382,50,-0.108976978613,367.9,368.0,370.4,365.6,367.05,366.65,3,208,366.95,2,212,366.6,3,309,367.0,2,185,366.5,1,105,367.05,2,210,366.45,2,210,367.1,4,987,366.4,1,60,367.15,2,691
2017-06-20 07:35:33.586802,2714625,366.75,848862,306466,12,-0.204081632653,368.03,368.75,370.85,366.1,367.5,366.75,13,104,366.8,2,50,366.7,1,138,366.9,2,115,366.65,2,122,366.95,2,171,366.6,4,1453,367.0,3,153,366.55,3,126,367.05,1,460
2017-06-20 07:35:20.224609,2714625,366.75,848657,306330,11,-0.204081632653,368.03,368.75,370.85,366.1,367.5,366.75,13,115,366.8,1,30,366.7,2,254,366.9,2,115,366.65,2,408,366.95,2,171,366.6,4,1215,367.0,2,15,366.55,3,126,367.1,2,682
2017-06-20 07:35:16.346703,2714625,366.75,848657,306330,11,-0.204081632653,368.03,368.75,370.85,366.1,367.5,366.75,11,110,366.8,1,30,366.65,2,122,366.9,2,115,366.6,2,507,366.95,2,171,366.55,4,528,367.0,2,15,366.5,4,1822,367.1,2,682
2017-06-20 07:35:15.544592,2714625,366.75,848657,306330,11,-0.204081632653,368.03,368.75,370.85,366.1,367.5,366.75,11,110,366.8,1,30,366.65,2,122,366.9,2,115,366.6,2,507,366.95,2,171,366.55,4,528,367.0,2,15,366.5,4,1822,367.05,1,369
2017-06-20 07:35:13.321728,2714625,366.75,848657,306495,11,-0.204081632653,368.03,368.75,370.85,366.1,367.5,366.75,11,110,366.8,1,30,366.55,5,248,366.9,2,115,366.5,3,1278,366.95,2,171,366.45,2,771,367.0,4,613,366.4,5,887,367.05,2,913
2017-06-20 07:35:49.463618,2714625,366.8,849422,306606,5,-0.190476190476,368.03,368.75,370.85,366.1,367.5,366.8,1,9,366.9,2,115,366.75,16,113,366.95,2,171,366.65,2,122,367.0,3,153,366.6,3,1051,367.05,2,829,366.55,3,126,367.1,3,1084
2017-06-20 07:35:47.607431,2714625,366.8,849287,306457,4,-0.190476190476,368.03,368.75,370.85,366.1,367.5,366.75,16,113,366.8,1,4,366.7,1,138,366.9,2,115,366.65,2,122,366.95,2,171,366.6,4,1453,367.0,3,153,366.55,3,126,367.05,2,829
2017-06-20 07:35:45.345636,2714625,366.8,849287,306457,4,-0.190476190476,368.03,368.75,370.85,366.1,367.5,366.75,14,108,366.8,1,4,366.7,1,138,366.9,2,115,366.65,2,122,366.95,2,171,366.6,4,1453,367.0,3,153,366.55,3,126,367.05,2,829
2017-06-20 07:35:42.301323,2714625,366.8,849283,306424,17,-0.190476190476,368.03,368.75,370.85,366.1,367.5,366.75,14,108,366.8,1,8,366.7,1,138,366.9,2,115,366.65,2,122,366.95,2,171,366.6,4,1453,367.0,3,153,366.55,3,126,367.05,2,829
2017-06-20 07:35:41.486329,2714625,366.8,849266,306441,17,-0.190476190476,368.03,368.75,370.85,366.1,367.5,366.75,13,104,366.8,1,25,366.7,1,138,366.9,2,115,366.65,2,122,366.95,2,171,366.6,4,1453,367.0,3,153,366.55,3,126,367.05,2,829
2017-06-20 07:35:36.301647,2714625,366.8,849174,306491,7,-0.190476190476,368.03,368.75,370.85,366.1,367.5,366.75,14,114,366.8,2,75,366.7,1,138,366.9,2,115,366.65,2,122,366.95,2,171,366.6,4,1453,367.0,3,153,366.55,3,126,367.05,2,829
2017-06-20 07:35:35.391383,2714625,366.8,849174,306491,7,-0.190476190476,368.03,368.75,370.85,366.1,367.5,366.75,13,104,366.8,2,75,366.7,1,138,366.9,2,115,366.65,2,122,366.95,2,171,366.6,4,1453,367.0,3,153,366.55,3,126,367.05,2,829
2017-06-20 07:35:28.330399,2714625,366.8,848812,306463,6,-0.190476190476,368.03,368.75,370.85,366.1,367.5,366.75,14,120,366.8,3,47,366.7,1,138,366.9,2,115,366.65,2,122,366.95,2,171,366.6,4,1453,367.0,2,15,366.55,3,126,367.05,1,460
2017-06-20 07:35:27.348876,2714625,366.8,848812,306461,6,-0.190476190476,368.03,368.75,370.85,366.1,367.5,366.75,14,120,366.8,2,45,366.7,1,138,366.9,2,115,366.65,2,122,366.95,2,171,366.6,4,1453,367.0,2,15,366.55,3,126,367.05,1,460
2017-06-20 07:35:26.332542,2714625,366.8,848806,306467,1,-0.190476190476,368.03,368.75,370.85,366.1,367.5,366.75,13,116,366.8,2,51,366.7,1,138,366.9,2,115,366.65,2,122,366.95,2,171,366.6,4,1453,367.0,2,15,366.55,3,126,367.1,2,682
2017-06-20 07:35:23.435938,2714625,366.8,848689,306383,1,-0.190476190476,368.03,368.75,370.85,366.1,367.5,366.75,13,116,366.8,2,83,366.7,2,254,366.9,2,115,366.65,2,408,366.95,2,171,366.6,4,1215,367.0,2,15,366.55,3,126,367.1,2,682
2017-06-20 07:35:22.444933,2714625,366.8,848688,306384,1,-0.190476190476,368.03,368.75,370.85,366.1,367.5,366.75,13,116,366.8,2,84,366.7,2,254,366.9,2,115,366.65,2,408,366.95,2,171,366.6,4,1215,367.0,2,15,366.55,3,126,367.1,2,682
2017-06-20 07:35:21.501961,2714625,366.8,848687,306343,27,-0.190476190476,368.03,368.75,370.85,366.1,367.5,366.75,12,114,366.8,1,43,366.7,2,254,366.9,2,115,366.65,2,408,366.95,2,171,366.6,4,1215,367.0,2,15,366.55,3,126,367.1,2,682
2017-06-20 07:35:12.447674,2714625,366.8,848646,306497,1,-0.190476190476,368.03,368.75,370.85,366.1,367.5,366.75,11,121,366.8,2,32,366.55,5,248,366.9,2,115,366.5,3,1278,366.95,2,171,366.45,2,771,367.0,4,613,366.4,5,887,367.05,2,913
2017-06-20 07:35:11.473576,2714625,366.8,848645,306498,4,-0.190476190476,368.03,368.75,370.85,366.1,367.5,366.75,12,122,366.8,2,33,366.55,5,248,366.9,2,115,366.5,3,1278,366.95,2,171,366.45,2,771,367.0,4,613,366.4,5,887,367.05,2,913
2017-06-20 07:35:06.342435,2714625,366.8,848645,306496,4,-0.190476190476,368.03,368.75,370.85,366.1,367.5,366.75,12,122,366.8,1,31,366.55,5,248,366.9,2,115,366.5,3,1278,366.95,2,171,366.45,2,771,367.0,4,613,366.4,5,887,367.05,2,913
2017-06-20 07:35:05.285490,2714625,366.8,848641,306500,1,-0.190476190476,368.03,368.75,370.85,366.1,367.5,366.75,11,120,366.8,1,35,366.55,5,248,366.9,2,115,366.5,2,278,366.95,2,171,366.45,2,771,367.0,4,613,366.4,5,887,367.05,2,913
2017-06-20 07:35:50.463116,2714625,367.05,850159,306152,402,-0.122448979592,368.03,368.75,370.85,366.1,367.5,367.1,1,432,367.15,1,116,367.05,1,412,367.2,4,1215,366.95,1,4,367.25,3,1406,366.9,1,115,367.3,4,887,366.8,4,44,367.35,2,1060
2017-06-20 07:35:54.637713,2714625,367.25,850988,306166,24,-0.0680272108844,368.03,368.75,370.85,366.1,367.5,367.15,4,131,367.25,1,436,367.1,1,19,367.3,5,1785,367.05,1,412,367.35,2,1060,366.95,1,4,367.4,3,846,366.9,2,167,367.45,1,196
2017-06-20 07:36:00.459620,2714625,367.3,851509,305837,1,-0.0544217687075,368.03,368.75,370.85,366.1,367.5,367.3,1,1,367.35,1,460,367.15,5,172,367.4,3,846,367.1,1,116,367.45,1,544,367.05,1,412,367.5,9,2292,366.95,2,10,367.55,1,50
2017-06-20 07:35:59.403447,2714625,367.3,851508,305623,199,-0.0544217687075,368.03,368.75,370.85,366.1,367.5,367.15,6,173,367.3,2,188,367.05,1,412,367.35,1,369,366.95,2,10,367.4,4,1248,366.9,2,167,367.45,2,740,366.8,3,263,367.5,8,1890
2017-06-20 07:35:57.340948,2714625,367.3,851299,305832,167,-0.0544217687075,368.03,368.75,370.85,366.1,367.5,367.15,7,193,367.3,2,397,367.05,1,412,367.35,1,369,366.95,2,10,367.4,4,1248,366.9,2,167,367.45,2,740,366.8,3,263,367.5,8,1890
2017-06-20 07:35:56.456106,2714625,367.3,851126,306005,28,-0.0544217687075,368.03,368.75,370.85,366.1,367.5,367.15,7,193,367.3,2,570,367.1,1,19,367.35,1,369,367.05,1,412,367.4,4,1248,366.95,2,10,367.45,2,740,366.9,2,167,367.5,8,1890
2017-06-20 07:36:02.801750,2714625,367.45,851981,304816,25,-0.0136054421769,368.03,368.75,370.85,366.1,367.5,367.4,1,846,367.5,6,1165,367.35,1,460,367.55,2,1004,367.3,1,1,367.6,3,844,367.15,6,178,367.65,3,1196,367.1,4,260,367.7,4,2385
2017-06-20 07:36:05.405168,2714625,367.5,852010,302925,5,0.0,368.03,368.75,370.85,366.1,367.5,367.4,4,915,367.5,3,52,367.35,1,460,367.55,1,460,367.15,4,135,367.6,2,682,367.1,4,260,367.65,5,2142,367.05,3,1183,367.7,3,970
2017-06-20 07:36:03.544296,2714625,367.5,851985,303112,4,0.0,368.03,368.75,370.85,366.1,367.5,367.4,2,880,367.5,3,77,367.35,1,460,367.55,1,460,367.3,1,1,367.6,3,844,367.15,5,144,367.65,5,2142,367.1,4,260,367.7,3,970
2017-06-20 07:36:01.777107,2714625,367.5,851587,303116,57,0.0,368.03,368.75,370.85,366.1,367.5,367.45,1,394,367.5,3,81,367.4,1,846,367.55,1,460,367.35,1,460,367.6,4,1246,367.3,1,1,367.65,4,1740,367.15,6,178,367.7,2,682
2017-06-20 07:35:05.285234,136427780,375.0,126002,49552,45,0.3478726251,374.53,374.2,377.75,370.5,373.7,374.95,1,222,375.2,1,75,374.9,5,1318,375.3,1,5,374.85,4,1458,375.4,4,150,374.8,3,392,375.45,2,512,374.75,2,55,375.5,3,156
2017-06-20 07:35:18.995535,3861249,375.2,2964571,327028,25,0.374531835206,374.51,375.6,377.7,370.1,373.8,375.2,3,237,375.25,2,36,375.15,4,1031,375.3,2,10,375.1,1,130,375.35,2,2600,375.05,4,448,375.4,4,1788,375.0,7,2023,375.45,3,616
2017-06-20 07:35:12.447614,3861249,375.2,2964038,328492,23,0.374531835206,374.51,375.6,377.7,370.1,373.8,375.15,4,388,375.2,2,12,375.1,1,130,375.25,1,100,375.05,3,398,375.3,1,9,375.0,8,2365,375.35,2,4999,374.95,2,390,375.4,3,1778
2017-06-20 07:35:45.345598,3861249,375.25,2967921,325580,2,0.387907972178,374.51,375.6,377.7,370.1,373.8,375.25,2,528,375.35,3,1086,375.15,4,923,375.4,4,610,375.1,6,1559,375.45,3,2488,375.05,3,1999,375.5,18,4150,375.0,7,2876,375.55,4,3214
2017-06-20 07:35:43.238985,3861249,375.25,2967913,324381,50,0.387907972178,374.51,375.6,377.7,370.1,373.8,375.25,1,326,375.35,3,87,375.2,1,87,375.4,4,610,375.15,7,1287,375.45,3,2488,375.1,5,1509,375.5,18,4150,375.05,4,2211,375.55,4,3214
2017-06-20 07:35:35.391353,3861249,375.25,2967566,325668,32,0.387907972178,374.51,375.6,377.7,370.1,373.8,375.25,2,318,375.3,1,1263,375.2,1,87,375.35,2,110,375.15,5,1095,375.4,5,782,375.1,4,728,375.45,3,2317,375.05,4,2211,375.5,19,4170
2017-06-20 07:35:34.595246,3861249,375.25,2966309,326645,51,0.387907972178,374.51,375.6,377.7,370.1,373.8,375.25,1,51,375.3,2,2437,375.2,1,87,375.35,2,110,375.15,5,1047,375.4,3,585,375.1,2,80,375.45,3,2317,375.05,4,2321,375.5,19,4170
2017-06-20 07:35:27.348841,3861249,375.25,2965487,329277,19,0.387907972178,374.51,375.6,377.7,370.1,373.8,375.2,2,217,375.25,4,2117,375.15,5,1047,375.3,1,350,375.1,2,202,375.35,3,2420,375.05,3,352,375.4,4,1103,375.0,6,1851,375.45,4,636
2017-06-20 07:35:26.333039,3861249,375.25,2965487,329265,19,0.387907972178,374.51,375.6,377.7,370.1,373.8,375.2,2,217,375.25,1,2087,375.15,4,924,375.3,2,368,375.1,2,202,375.35,3,2420,375.05,3,352,375.4,4,1103,375.0,6,1851,375.45,4,636
2017-06-20 07:35:24.491782,3861249,375.25,2965146,332228,2,0.387907972178,374.51,375.6,377.7,370.1,373.8,375.25,2,283,375.3,3,2741,375.2,2,398,375.35,4,2425,375.15,5,1203,375.4,6,1967,375.1,2,302,375.45,3,616,375.05,3,242,375.5,20,6670
2017-06-20 07:35:23.435885,3861249,375.25,2965144,332227,15,0.387907972178,374.51,375.6,377.7,370.1,373.8,375.25,1,90,375.3,3,2741,375.2,4,400,375.35,4,2425,375.15,5,1203,375.4,6,1967,375.1,2,302,375.45,3,616,375.05,5,468,375.5,20,6670
2017-06-20 07:35:17.631126,3861249,375.25,2964546,326895,1,0.387907972178,374.51,375.6,377.7,370.1,373.8,375.2,2,261,375.25,1,5,375.15,4,1031,375.3,1,9,375.1,1,130,375.35,1,2499,375.05,5,468,375.4,4,1788,375.0,6,2003,375.45,3,616
2017-06-20 07:35:16.346649,3861249,375.25,2964546,326885,1,0.387907972178,374.51,375.6,377.7,370.1,373.8,375.2,2,261,375.25,1,5,375.15,4,1031,375.3,1,9,375.1,1,130,375.35,1,2499,375.05,5,468,375.4,3,1778,375.0,6,2003,375.45,3,616
2017-06-20 07:35:09.495052,3861249,375.25,2963887,328641,1,0.387907972178,374.51,375.6,377.7,370.1,373.8,375.15,4,388,375.2,2,128,375.05,3,398,375.3,2,181,375.0,8,1803,375.35,2,4999,374.95,2,390,375.4,4,1798,374.9,4,1614,375.45,3,616
2017-06-20 07:35:07.362253,3861249,375.25,2963887,328469,1,0.387907972178,374.51,375.6,377.7,370.1,373.8,375.15,4,388,375.2,1,33,375.1,1,130,375.3,2,104,375.05,3,398,375.35,2,4999,375.0,8,2365,375.4,3,1778,374.95,2,390,375.45,4,636
2017-06-20 07:35:06.342355,3861249,375.25,2963887,328639,1,0.387907972178,374.51,375.6,377.7,370.1,373.8,375.15,5,527,375.25,1,31,375.1,1,130,375.3,2,104,375.05,3,398,375.35,3,5171,375.0,9,2385,375.4,3,1778,374.95,1,370,375.45,4,636
2017-06-20 07:35:05.285318,3861249,375.25,2963887,328467,1,0.387907972178,374.51,375.6,377.7,370.1,373.8,375.15,5,527,375.25,1,31,375.1,1,130,375.3,2,104,375.05,4,448,375.35,1,2500,375.0,8,2335,375.4,2,3067,374.95,1,370,375.45,4,636
2017-06-20 07:36:02.801560,136427780,375.3,126377,49145,105,0.4281509232,374.54,374.2,377.75,370.5,373.7,375.2,2,437,375.4,2,10,375.15,5,1315,375.5,2,85,375.1,3,889,375.6,4,427,375.05,1,185,375.7,4,467,375.0,3,589,375.75,5,862
2017-06-20 07:36:01.777027,136427780,375.3,126377,49099,105,0.4281509232,374.54,374.2,377.75,370.5,373.7,375.2,2,437,375.4,2,10,375.15,1,346,375.5,2,85,375.1,2,254,375.6,4,427,375.05,2,457,375.7,4,467,375.0,5,1193,375.75,5,862
2017-06-20 07:35:58.391874,136427780,375.3,126377,49097,105,0.4281509232,374.54,374.2,377.75,370.5,373.7,375.15,3,816,375.4,2,10,375.1,1,185,375.5,2,85,375.05,3,803,375.6,5,683,375.0,4,1153,375.65,1,175,374.95,1,40,375.7,4,467
2017-06-20 07:35:52.338875,136427780,375.3,126377,49230,105,0.4281509232,374.54,374.2,377.75,370.5,373.7,375.15,2,470,375.4,3,74,375.05,3,803,375.5,3,156,375.0,5,1338,375.6,5,683,374.95,1,40,375.65,1,175,374.9,3,384,375.7,4,467
2017-06-20 07:35:51.787849,3861249,375.3,2969016,324126,20,0.401284109149,374.51,375.6,377.7,370.1,373.8,375.3,2,223,375.35,1,5,375.25,6,1490,375.4,3,42,375.2,4,1266,375.45,1,6,375.15,5,943,375.5,16,2940,375.1,2,1210,375.55,3,2313
2017-06-20 07:35:49.463727,3861249,375.3,2968025,325411,104,0.401284109149,374.51,375.6,377.7,370.1,373.8,375.25,3,1178,375.3,1,2,375.2,2,698,375.35,3,1086,375.15,5,973,375.4,3,42,375.1,4,1379,375.45,1,6,375.05,5,2489,375.5,16,2940
2017-06-20 07:35:49.463507,136427780,375.3,126377,50220,105,0.4281509232,374.54,374.2,377.75,370.5,373.7,375.05,4,899,375.4,4,158,375.0,4,1153,375.45,2,512,374.95,1,256,375.5,4,331,374.9,5,609,375.55,2,1037,374.85,3,1273,375.6,5,683
2017-06-20 07:35:47.607364,3861249,375.3,2968025,325582,104,0.401284109149,374.51,375.6,377.7,370.1,373.8,375.25,3,1178,375.3,1,2,375.15,4,923,375.35,3,1086,375.1,6,1559,375.4,4,610,375.05,5,2489,375.45,3,2488,375.0,7,2876,375.5,18,4150
2017-06-20 07:35:46.271185,136427780,375.3,126377,50220,105,0.4281509232,374.54,374.2,377.75,370.5,373.7,375.05,4,899,375.4,4,158,375.0,4,1153,375.45,2,512,374.95,1,256,375.5,4,331,374.9,5,609,375.55,2,1037,374.85,3,1273,375.6,5,683
2017-06-20 07:35:46.271125,3861249,375.3,2968025,325580,104,0.401284109149,374.51,375.6,377.7,370.1,373.8,375.25,3,1178,375.35,3,1086,375.15,4,923,375.4,4,610,375.1,6,1559,375.45,3,2488,375.05,5,2489,375.5,18,4150,375.0,7,2876,375.55,4,3214
2017-06-20 07:35:45.345491,136427780,375.3,126377,50220,105,0.4281509232,374.54,374.2,377.75,370.5,373.7,375.05,4,899,375.4,4,158,375.0,4,1153,375.45,2,512,374.95,2,296,375.5,4,331,374.9,4,569,375.55,2,1037,374.85,4,1363,375.6,5,683
2017-06-20 07:35:33.587251,136427780,375.3,126377,50220,105,0.4281509232,374.54,374.2,377.75,370.5,373.7,375.05,2,442,375.4,4,158,375.0,2,333,375.45,2,512,374.95,3,713,375.5,4,331,374.9,3,842,375.55,2,1037,374.85,3,1273,375.6,5,683
2017-06-20 07:35:57.340978,3861249,375.35,2969126,324095,1,0.414660246121,374.51,375.6,377.7,370.1,373.8,375.35,3,280,375.4,3,42,375.3,2,83,375.45,1,6,375.25,4,1182,375.5,16,2940,375.2,4,874,375.55,3,2313,375.15,4,824,375.6,9,2692
2017-06-20 07:35:56.456159,3861249,375.35,2969126,324267,1,0.414660246121,374.51,375.6,377.7,370.1,373.8,375.35,3,280,375.4,3,42,375.3,2,83,375.45,1,6,375.25,4,1182,375.5,17,3112,375.2,4,874,375.55,3,2313,375.15,4,824,375.6,9,2692
2017-06-20 07:35:55.532396,3861249,375.35,2969126,324095,1,0.414660246121,374.51,375.6,377.7,370.1,373.8,375.35,3,280,375.4,3,42,375.3,2,83,375.45,1,6,375.25,4,1182,375.5,16,2940,375.2,4,874,375.55,3,2313,375.15,4,824,375.6,9,2692
2017-06-20 07:35:54.637777,3861249,375.35,2969125,324835,4,0.414660246121,374.51,375.6,377.7,370.1,373.8,375.35,2,280,375.4,3,42,375.3,2,83,375.45,1,6,375.25,5,1183,375.5,17,3112,375.2,4,874,375.55,3,2313,375.15,4,824,375.6,9,2692
2017-06-20 07:35:53.597805,3861249,375.35,2969120,324263,50,0.414660246121,374.51,375.6,377.7,370.1,373.8,375.35,1,1,375.4,3,42,375.3,3,316,375.45,1,6,375.25,5,1183,375.5,16,2940,375.2,4,874,375.55,3,2313,375.15,5,943,375.6,10,2712
2017-06-20 07:35:50.463229,3861249,375.35,2968525,324718,403,0.414660246121,374.51,375.6,377.7,370.1,373.8,375.25,6,1490,375.35,1,597,375.2,3,748,375.4,3,42,375.15,4,923,375.45,1,6,375.1,4,1379,375.5,16,2940,375.05,4,2317,375.55,4,2333
2017-06-20 07:35:41.486302,3861249,375.35,2967752,324209,24,0.414660246121,374.51,375.6,377.7,370.1,373.8,375.25,1,132,375.35,3,87,375.2,1,87,375.4,4,610,375.15,5,1095,375.45,2,2316,375.1,5,1420,375.5,18,4150,375.05,4,2211,375.55,4,3214
2017-06-20 07:35:39.448803,3861249,375.35,2967752,324380,24,0.414660246121,374.51,375.6,377.7,370.1,373.8,375.25,1,132,375.35,2,86,375.2,1,87,375.4,4,610,375.15,5,1095,375.45,3,2488,375.1,5,1420,375.5,18,4150,375.05,4,2211,375.55,4,3214
2017-06-20 07:35:22.444880,3861249,375.35,2965129,327197,189,0.414660246121,374.51,375.6,377.7,370.1,373.8,375.2,4,400,375.25,1,15,375.15,4,1031,375.3,2,368,375.1,2,302,375.35,4,2425,375.05,4,448,375.4,5,1795,375.0,7,2023,375.45,3,616
2017-06-20 07:35:59.402771,3861249,375.4,2969168,324621,25,0.428036383093,374.51,375.6,377.7,370.1,373.8,375.4,1,9,375.45,1,6,375.35,3,729,375.5,16,2940,375.3,3,213,375.55,2,3,375.25,5,1232,375.6,6,1068,375.2,4,1232,375.65,3,2334
2017-06-20 07:36:03.544404,3861249,375.45,2969572,324614,1,0.441412520064,374.51,375.6,377.7,370.1,373.8,375.45,1,7,375.5,14,2909,375.4,1,1,375.55,2,3,375.35,3,940,375.6,6,1068,375.3,4,385,375.65,3,2334,375.25,5,1232,375.7,30,4981
2017-06-20 07:35:05.285153,1207553,377.15,1436981,252782,26,-0.919479837121,379.18,380.65,383.4,375.1,380.65,377.15,4,1445,377.3,6,252,377.1,2,1095,377.35,4,136,377.05,4,1784,377.4,3,164,377.0,40,2900,377.45,2,406,376.95,4,293,377.5,13,1739
2017-06-20 07:36:04.665175,1207553,377.2,1437857,252970,27,-0.906344410876,379.18,380.65,383.4,375.1,380.65,377.2,8,344,377.3,12,309,377.15,1,1442,377.35,4,136,377.1,3,1345,377.4,2,139,377.05,5,1971,377.45,2,429,377.0,44,3728,377.5,14,2147
2017-06-20 07:36:03.544377,1207553,377.2,1437857,252956,27,-0.906344410876,379.18,380.65,383.4,375.1,380.65,377.2,8,344,377.3,11,295,377.15,1,1442,377.35,4,136,377.1,3,1345,377.4,2,139,377.05,5,1971,377.45,2,429,377.0,44,3728,377.5,14,2147
2017-06-20 07:35:40.286566,1207553,377.2,1437748,253246,24,-0.906344410876,379.18,380.65,383.4,375.1,380.65,377.2,5,344,377.3,9,369,377.15,1,1442,377.35,5,231,377.1,3,1345,377.4,4,266,377.05,5,1971,377.45,2,591,377.0,44,3744,377.5,16,2166
2017-06-20 07:35:39.448672,1207553,377.2,1437748,253228,24,-0.906344410876,379.18,380.65,383.4,375.1,380.65,377.2,5,344,377.3,8,351,377.15,1,1442,377.35,5,231,377.1,3,1345,377.4,4,266,377.05,5,1971,377.45,2,591,377.0,44,3744,377.5,16,2166
2017-06-20 07:35:36.301538,1207553,377.2,1437724,253228,63,-0.906344410876,379.18,380.65,383.4,375.1,380.65,377.2,5,368,377.3,8,351,377.15,1,1442,377.35,5,231,377.1,3,1345,377.4,4,266,377.05,5,1971,377.45,1,404,377.0,44,3744,377.5,15,1885
2017-06-20 07:35:34.595006,1207553,377.2,1437652,253247,506,-0.906344410876,379.18,380.65,383.4,375.1,380.65,377.2,5,431,377.3,9,370,377.15,1,1442,377.35,5,231,377.1,3,1345,377.4,4,266,377.05,5,1971,377.45,1,404,377.0,44,3744,377.5,15,1885
2017-06-20 07:36:05.404869,1207553,377.3,1437867,252960,10,-0.880073558387,379.18,380.65,383.4,375.1,380.65,377.2,8,344,377.3,12,299,377.15,1,1442,377.35,4,136,377.1,3,1345,377.4,2,139,377.05,5,1971,377.45,2,429,377.0,44,3728,377.5,14,2147
2017-06-20 07:36:03.544323,136231684,377.3,64179,41819,36,-0.893091673234,379.18,380.65,383.55,375.3,380.7,377.1,2,1072,377.45,2,104,377.05,3,486,377.5,1,55,377.0,6,1260,377.55,1,140,376.9,2,198,377.6,4,284,376.8,4,283,377.65,3,347
2017-06-20 07:36:02.801777,1207553,377.3,1437830,252956,10,-0.880073558387,379.18,380.65,383.4,375.1,380.65,377.2,8,371,377.3,11,295,377.15,1,1442,377.35,4,136,377.1,3,1345,377.4,2,139,377.05,5,1971,377.45,2,429,377.0,44,3728,377.5,14,2147
2017-06-20 07:35:59.402703,1207553,377.3,1437820,252966,9,-0.880073558387,379.18,380.65,383.4,375.1,380.65,377.2,8,371,377.3,11,305,377.15,1,1442,377.35,4,136,377.1,3,1345,377.4,2,139,377.05,5,1971,377.45,2,429,377.0,44,3728,377.5,14,2147
2017-06-20 07:35:57.341006,1207553,377.3,1437820,252966,9,-0.880073558387,379.18,380.65,383.4,375.1,380.65,377.2,8,371,377.3,10,289,377.15,1,1442,377.35,4,136,377.1,3,1345,377.4,3,164,377.05,5,1971,377.45,2,591,377.0,44,3728,377.5,15,2163
2017-06-20 07:35:55.532325,1207553,377.3,1437820,252966,9,-0.880073558387,379.18,380.65,383.4,375.1,380.65,377.2,7,370,377.3,10,289,377.15,1,1442,377.35,4,136,377.1,3,1345,377.4,3,164,377.05,5,1971,377.45,2,591,377.0,44,3728,377.5,15,2163
2017-06-20 07:35:53.597736,1207553,377.3,1437811,252975,9,-0.880073558387,379.18,380.65,383.4,375.1,380.65,377.2,7,370,377.3,10,298,377.15,1,1442,377.35,4,136,377.1,3,1345,377.4,3,164,377.05,5,1971,377.45,2,591,377.0,44,3728,377.5,15,2163
2017-06-20 07:35:52.338468,1207553,377.3,1437811,252928,9,-0.880073558387,379.18,380.65,383.4,375.1,380.65,377.2,7,370,377.3,9,251,377.15,1,1442,377.35,4,136,377.1,3,1345,377.4,2,139,377.05,5,1971,377.45,3,616,377.0,44,3728,377.5,15,2163
2017-06-20 07:35:52.338435,136231684,377.3,64179,41787,36,-0.893091673234,379.18,380.65,383.55,375.3,380.7,377.1,2,1072,377.3,1,3,377.05,3,486,377.45,1,69,377.0,6,1260,377.5,1,55,376.9,2,198,377.55,1,140,376.8,4,283,377.6,4,284
2017-06-20 07:35:49.464935,1207553,377.3,1437802,252937,25,-0.880073558387,379.18,380.65,383.4,375.1,380.65,377.2,7,370,377.3,8,257,377.15,1,1442,377.35,4,136,377.1,3,1345,377.4,3,164,377.05,5,1971,377.45,2,591,377.0,44,3728,377.5,16,2166
2017-06-20 07:35:49.463782,136231684,377.3,64143,41858,3,-0.893091673234,379.18,380.65,383.55,375.3,380.7,377.1,2,1072,377.3,2,74,377.05,3,486,377.45,1,69,377.0,6,1260,377.5,1,55,376.9,2,198,377.55,1,140,376.8,4,283,377.6,4,284
2017-06-20 07:35:45.345447,1207553,377.3,1437757,253258,2,-0.880073558387,379.18,380.65,383.4,375.1,380.65,377.2,6,369,377.3,9,381,377.15,1,1442,377.35,5,231,377.1,3,1345,377.4,4,266,377.05,5,1971,377.45,2,591,377.0,43,3589,377.5,16,2166
2017-06-20 07:35:41.486192,1207553,377.3,1437757,253258,2,-0.880073558387,379.18,380.65,383.4,375.1,380.65,377.2,5,344,377.3,9,381,377.15,1,1442,377.35,5,231,377.1,3,1345,377.4,4,266,377.05,5,1971,377.45,2,591,377.0,44,3744,377.5,16,2166
2017-06-20 07:35:39.449127,136231684,377.3,64143,42355,3,-0.893091673234,379.18,380.65,383.55,375.3,380.7,377.1,2,1072,377.3,1,71,377.05,3,486,377.45,1,69,377.0,6,1260,377.5,1,55,376.9,2,198,377.55,1,140,376.8,4,283,377.6,4,284
2017-06-20 07:35:35.391279,1207553,377.3,1437661,253238,9,-0.880073558387,379.18,380.65,383.4,375.1,380.65,377.2,5,431,377.3,9,361,377.15,1,1442,377.35,5,231,377.1,3,1345,377.4,4,266,377.05,5,1971,377.45,1,404,377.0,44,3744,377.5,15,1885
2017-06-20 07:35:25.546409,1207553,377.3,1437137,252726,9,-0.880073558387,379.18,380.65,383.4,375.1,380.65,377.2,4,936,377.3,8,190,377.15,1,1442,377.35,4,136,377.1,3,1345,377.4,2,139,377.05,5,1971,377.45,2,429,377.0,44,3744,377.5,14,1741
2017-06-20 07:35:21.502441,1207553,377.3,1437128,252735,9,-0.880073558387,379.18,380.65,383.4,375.1,380.65,377.2,3,935,377.3,8,199,377.15,1,1442,377.35,4,136,377.1,3,1345,377.4,2,139,377.05,4,1784,377.45,2,429,377.0,44,3744,377.5,14,1741
2017-06-20 07:35:20.224547,1207553,377.3,1437119,252744,9,-0.880073558387,379.18,380.65,383.4,375.1,380.65,377.2,3,935,377.3,8,208,377.15,1,1442,377.35,4,136,377.1,3,1345,377.4,2,139,377.05,4,1784,377.45,2,429,377.0,44,3744,377.5,14,1741
2017-06-20 07:35:19.460555,1207553,377.3,1437119,252738,9,-0.880073558387,379.18,380.65,383.4,375.1,380.65,377.2,3,935,377.3,8,208,377.15,1,1442,377.35,4,136,377.1,3,1345,377.4,2,139,377.05,4,1784,377.45,2,429,377.0,44,3744,377.5,14,1741
2017-06-20 07:35:18.995428,1207553,377.3,1437119,252738,9,-0.880073558387,379.18,380.65,383.4,375.1,380.65,377.2,3,935,377.3,8,208,377.15,1,1442,377.35,4,136,377.1,3,1345,377.4,2,139,377.05,4,1784,377.45,2,429,377.0,43,3244,377.5,14,1741
2017-06-20 07:35:15.544477,1207553,377.3,1437119,252723,9,-0.880073558387,379.18,380.65,383.4,375.1,380.65,377.2,3,935,377.3,6,193,377.15,1,1442,377.35,4,136,377.1,3,1345,377.4,2,139,377.05,4,1784,377.45,2,429,377.0,43,3244,377.5,14,1741
2017-06-20 07:35:13.322091,1207553,377.3,1437090,252732,3,-0.880073558387,379.18,380.65,383.4,375.1,380.65,377.2,3,955,377.3,6,202,377.15,1,1442,377.35,4,136,377.1,3,1345,377.4,2,139,377.05,4,1784,377.45,2,429,377.0,41,2905,377.5,14,1741
2017-06-20 07:35:12.448159,1207553,377.3,1437090,252732,3,-0.880073558387,379.18,380.65,383.4,375.1,380.65,377.2,3,955,377.3,6,202,377.15,1,1442,377.35,4,136,377.1,2,1095,377.4,2,139,377.05,4,1784,377.45,2,429,377.0,41,2905,377.5,14,1741
2017-06-20 07:35:10.236341,136231684,377.3,64140,42355,1,-0.893091673234,379.18,380.65,383.55,375.3,380.7,377.1,2,1072,377.45,2,140,377.05,3,486,377.5,1,55,377.0,6,1260,377.55,1,140,376.95,1,89,377.6,3,244,376.9,2,198,377.65,3,215
2017-06-20 07:35:09.494998,1207553,377.3,1436990,252773,9,-0.880073558387,379.18,380.65,383.4,375.1,380.65,377.2,1,1000,377.3,6,243,377.15,2,1443,377.35,4,136,377.1,2,1095,377.4,2,139,377.05,4,1784,377.45,2,429,377.0,40,2900,377.5,14,1741
2017-06-20 07:35:06.342297,1207553,377.3,1436990,252773,9,-0.880073558387,379.18,380.65,383.4,375.1,380.65,377.2,1,1000,377.3,6,243,377.15,4,1445,377.35,4,136,377.1,2,1095,377.4,2,139,377.05,4,1784,377.45,2,429,377.0,40,2900,377.5,14,1741
2017-06-20 07:35:05.285963,136231684,377.3,64140,42355,1,-0.893091673234,379.18,380.65,383.55,375.3,380.7,377.05,4,558,377.45,2,140,377.0,6,1260,377.5,1,55,376.95,1,89,377.55,1,140,376.9,2,198,377.6,3,244,376.8,3,143,377.65,3,215
2017-06-20 07:35:18.995232,7458561,378.8,1080570,248653,1,0.597530208472,378.62,377.15,381.5,375.7,376.55,378.8,6,529,379.0,2,11,378.75,2,91,379.1,1,14,378.7,3,938,379.15,2,105,378.65,5,1640,379.2,1,8,378.6,3,896,379.25,3,409
2017-06-20 07:35:12.447973,7458561,378.8,1080570,248639,1,0.597530208472,378.62,377.15,381.5,375.7,376.55,378.8,1,37,379.0,2,11,378.75,1,71,379.15,2,105,378.7,1,20,379.2,2,659,378.65,6,1655,379.25,3,409,378.6,3,1140,379.3,5,612
2017-06-20 07:35:44.392039,7458561,378.85,1080594,248018,1,0.610808657549,378.62,377.15,381.5,375.7,376.55,378.85,6,730,379.05,1,14,378.8,2,209,379.1,2,15,378.75,2,91,379.15,2,15,378.7,2,287,379.2,1,8,378.65,5,1640,379.25,3,168
2017-06-20 07:35:42.301600,7458561,378.85,1080594,248018,1,0.610808657549,378.62,377.15,381.5,375.7,376.55,378.85,7,900,379.05,1,14,378.8,4,491,379.1,2,15,378.75,2,91,379.15,2,15,378.7,2,287,379.2,1,8,378.65,5,1640,379.25,3,168
2017-06-20 07:35:39.449206,7458561,378.85,1080594,248018,1,0.610808657549,378.62,377.15,381.5,375.7,376.55,378.85,6,895,379.05,1,14,378.8,4,491,379.1,2,15,378.75,2,91,379.15,2,15,378.7,2,287,379.2,1,8,378.65,5,1640,379.25,3,168
2017-06-20 07:35:37.476953,7458561,378.85,1080593,248004,21,0.610808657549,378.62,377.15,381.5,375.7,376.55,378.85,6,1026,379.1,2,15,378.8,5,511,379.15,2,15,378.75,3,358,379.2,1,8,378.7,1,272,379.25,3,168,378.65,5,1640,379.3,3,308
2017-06-20 07:35:28.330583,7458561,378.85,1080593,248105,21,0.610808657549,378.62,377.15,381.5,375.7,376.55,378.85,3,74,379.1,2,15,378.8,4,491,379.15,3,115,378.75,2,91,379.2,2,9,378.7,3,938,379.25,2,68,378.65,5,1640,379.3,3,308
2017-06-20 07:35:25.546205,7458561,378.85,1080572,248342,1,0.610808657549,378.62,377.15,381.5,375.7,376.55,378.85,4,204,379.1,1,14,378.8,4,491,379.15,2,105,378.75,2,91,379.2,1,8,378.7,3,938,379.25,2,137,378.65,5,1640,379.3,4,395
2017-06-20 07:35:07.362527,7458561,378.95,1080539,248681,1,0.637365555703,378.62,377.15,381.5,375.7,376.55,378.8,2,227,379.0,1,10,378.75,1,71,379.15,1,100,378.7,1,20,379.2,2,659,378.65,6,1655,379.25,3,409,378.6,3,1140,379.3,6,660
2017-06-20 07:36:05.404974,7458561,379.0,1080829,247643,1,0.65064400478,378.62,377.15,381.5,375.7,376.55,379.05,7,492,379.35,1,30,379.0,5,361,379.4,2,129,378.95,5,1240,379.45,2,285,378.9,2,489,379.5,3,513,378.85,2,1436,379.55,3,1015
2017-06-20 07:36:02.801264,7458561,379.0,1080829,247613,1,0.65064400478,378.62,377.15,381.5,375.7,376.55,379.05,7,492,379.4,2,129,379.0,7,648,379.45,2,285,378.95,4,1225,379.5,3,513,378.9,3,896,379.55,3,1015,378.85,2,1436,379.6,4,1025
2017-06-20 07:36:00.459789,7458561,379.0,1080829,247613,1,0.65064400478,378.62,377.15,381.5,375.7,376.55,379.05,7,492,379.4,2,129,379.0,5,361,379.45,2,285,378.95,4,1108,379.5,3,513,378.9,1,272,379.55,3,1015,378.85,2,1436,379.6,4,1025
2017-06-20 07:35:59.402918,7458561,379.0,1080829,248005,1,0.65064400478,378.62,377.15,381.5,375.7,376.55,379.05,6,421,379.4,4,389,379.0,6,432,379.45,3,417,378.95,2,821,379.5,3,513,378.9,2,287,379.55,3,1015,378.85,1,272,379.6,4,1025
2017-06-20 07:35:58.391663,7458561,379.0,1080829,248005,1,0.65064400478,378.62,377.15,381.5,375.7,376.55,379.05,5,251,379.4,4,389,379.0,6,432,379.45,3,417,378.95,2,821,379.5,3,513,378.9,2,287,379.55,3,1015,378.85,1,272,379.6,4,1025
2017-06-20 07:35:57.341088,7458561,379.0,1080829,247995,1,0.65064400478,378.62,377.15,381.5,375.7,376.55,379.05,5,251,379.4,4,389,379.0,6,432,379.45,3,417,378.95,2,821,379.5,3,513,378.9,2,287,379.55,3,1015,378.85,1,272,379.6,4,1025
2017-06-20 07:35:55.532629,7458561,379.0,1080829,247995,1,0.65064400478,378.62,377.15,381.5,375.7,376.55,379.05,4,241,379.4,4,389,379.0,7,442,379.45,3,417,378.95,2,821,379.5,3,513,378.9,2,287,379.55,3,1015,378.85,1,272,379.6,4,1025
2017-06-20 07:35:54.637942,7458561,379.0,1080829,247995,1,0.65064400478,378.62,377.15,381.5,375.7,376.55,379.05,3,239,379.4,4,389,379.0,8,444,379.45,3,417,378.95,2,821,379.5,3,513,378.9,2,287,379.55,3,1015,378.85,1,272,379.6,4,1025
2017-06-20 07:35:53.598057,7458561,379.0,1080829,247995,1,0.65064400478,378.62,377.15,381.5,375.7,376.55,379.0,8,491,379.4,4,389,378.95,4,972,379.45,3,417,378.9,3,457,379.5,3,513,378.85,1,272,379.55,3,1015,378.8,4,1026,379.6,4,1025
2017-06-20 07:35:52.338710,7458561,379.0,1080829,247995,1,0.65064400478,378.62,377.15,381.5,375.7,376.55,379.0,5,478,379.4,4,389,378.95,4,972,379.45,3,417,378.9,4,467,379.5,3,513,378.85,1,272,379.55,3,1015,378.8,4,1026,379.6,4,1025
2017-06-20 07:35:22.444696,7458561,379.0,1080571,248342,1,0.65064400478,378.62,377.15,381.5,375.7,376.55,378.85,2,199,379.1,1,14,378.8,6,497,379.15,2,105,378.75,2,91,379.2,1,8,378.7,3,938,379.25,2,137,378.65,5,1640,379.3,4,395
2017-06-20 07:35:21.502279,7458561,379.0,1080571,248080,1,0.65064400478,378.62,377.15,381.5,375.7,376.55,378.85,2,199,379.1,1,14,378.8,6,497,379.15,2,105,378.75,2,91,379.2,1,8,378.7,3,938,379.25,2,137,378.65,5,1640,379.3,4,395
2017-06-20 07:35:05.286070,7458561,379.0,1080518,251160,2,0.65064400478,378.62,377.15,381.5,375.7,376.55,379.0,2,4,379.15,4,491,378.95,1,1,379.2,2,178,378.8,1,68,379.25,4,579,378.75,1,71,379.3,7,818,378.7,1,20,379.35,1,272
2017-06-20 07:36:01.777165,136912900,379.1,40746,81835,25,0.703944746978,378.67,378.0,381.6,375.7,376.45,379.1,4,276,379.4,1,30,379.05,3,185,379.5,1,34,378.95,1,96,379.6,4,239,378.8,1,50,379.7,2,76,378.75,2,148,379.75,2,176
2017-06-20 07:35:51.787915,136912900,379.1,40746,83102,25,0.703944746978,378.67,378.0,381.6,375.7,376.45,379.05,4,290,379.4,1,30,379.0,3,185,379.5,1,34,378.95,1,50,379.6,4,239,378.7,4,244,379.7,2,76,378.6,4,218,379.8,5,735
2017-06-20 07:35:49.465048,136912900,379.1,40746,82868,25,0.703944746978,378.67,378.0,381.6,375.7,376.45,379.0,4,290,379.4,1,30,378.95,3,231,379.5,1,34,378.7,2,150,379.6,4,239,378.6,5,268,379.7,2,76,378.5,2,62,379.75,1,64
2017-06-20 07:35:44.391960,136912900,379.1,40746,76091,25,0.703944746978,378.67,378.0,381.6,375.7,376.45,378.8,3,209,379.25,2,236,378.7,1,38,379.3,2,160,378.6,3,182,379.4,1,30,378.5,5,260,379.45,1,84,378.45,1,44,379.5,1,34
2017-06-20 07:35:05.286205,136912900,379.1,40746,83640,25,0.703944746978,378.67,378.0,381.6,375.7,376.45,378.8,4,340,379.4,4,345,378.75,1,54,379.45,1,131,378.7,1,38,379.5,1,34,378.6,3,182,379.55,1,112,378.5,6,270,379.6,5,303
2017-06-20 07:35:50.463445,7458561,379.25,1080828,248336,49,0.717036250166,378.62,377.15,381.5,375.7,376.55,378.9,7,509,379.4,6,1479,378.85,4,303,379.45,2,435,378.8,3,457,379.5,2,489,378.75,1,272,379.55,1,272,378.7,3,1140,379.6,4,1025
2017-06-20 07:35:49.465345,7458561,379.25,1080828,247508,49,0.717036250166,378.62,377.15,381.5,375.7,376.55,378.9,6,499,379.4,5,1364,378.85,4,303,379.45,2,435,378.8,4,616,379.5,2,489,378.75,1,272,379.55,1,272,378.7,3,1140,379.6,4,1025
2017-06-20 07:35:37.476789,1510401,513.2,2265483,548992,297,-1.33615303278,517.91,520.2,521.7,512.25,520.15,513.2,3,238,513.35,14,577,513.15,2,245,513.4,2,55,513.1,3,277,513.45,9,2568,513.05,1,1197,513.5,8,1342,513.0,12,5156,513.55,3,1225
2017-06-20 07:35:36.301565,1510401,513.2,2265483,549544,297,-1.33615303278,517.91,520.2,521.7,512.25,520.15,513.2,3,238,513.35,13,553,513.15,2,245,513.4,2,485,513.1,3,277,513.45,9,1902,513.05,2,1883,513.5,7,793,513.0,13,6272,513.55,3,1225
2017-06-20 07:35:11.473495,136247044,513.2,118679,87587,13,-1.28870936719,517.56,521.0,521.25,512.4,519.9,513.3,1,50,513.35,3,410,513.25,1,100,513.4,1,331,513.05,1,292,513.45,3,1225,513.0,2,143,513.5,2,143,512.9,2,88,513.55,1,132
2017-06-20 07:35:10.236523,136247044,513.2,118679,87768,13,-1.28870936719,517.56,521.0,521.25,512.4,519.9,513.25,1,100,513.35,4,591,513.05,1,292,513.4,1,331,513.0,2,143,513.45,3,1225,512.9,2,88,513.5,1,59,512.85,1,360,513.55,2,383
2017-06-20 07:35:09.495025,1510401,513.2,2263552,548485,6,-1.33615303278,517.92,520.2,521.7,512.25,520.15,513.15,4,275,513.35,3,268,513.1,5,822,513.4,6,1775,513.0,10,4388,513.45,6,1383,512.95,2,270,513.5,6,2451,512.9,7,2384,513.55,5,1540
2017-06-20 07:35:07.362221,1510401,513.2,2263552,548334,6,-1.33615303278,517.92,520.2,521.7,512.25,520.15,513.15,4,275,513.35,1,20,513.1,5,822,513.4,7,1872,513.0,9,2388,513.45,5,1188,512.95,2,270,513.5,6,2451,512.9,7,2384,513.55,5,1540
2017-06-20 07:35:06.342324,1510401,513.2,2263552,548284,6,-1.33615303278,517.92,520.2,521.7,512.25,520.15,513.15,4,275,513.35,1,20,513.1,5,822,513.4,7,1872,513.0,9,2388,513.45,5,1188,512.95,2,270,513.5,7,2466,512.9,7,2384,513.55,4,1525
2017-06-20 07:35:05.285261,1510401,513.2,2262625,547682,11,-1.33615303278,517.92,520.2,521.7,512.25,520.15,513.15,5,511,513.2,5,461,513.1,5,822,513.35,1,172,513.05,1,686,513.4,2,706,513.0,12,5726,513.45,6,778,512.95,2,936,513.5,7,2466
2017-06-20 07:35:05.285207,136247044,513.2,118679,81971,13,-1.28870936719,517.56,521.0,521.25,512.4,519.9,513.05,3,817,513.5,3,279,513.0,3,474,513.6,3,550,512.9,4,626,513.65,2,563,512.85,3,1254,513.7,3,181,512.8,3,126,513.75,2,894
2017-06-20 07:36:01.777137,136247044,513.3,118849,87015,20,-1.26947489902,517.55,521.0,521.25,512.4,519.9,513.25,4,762,513.45,4,181,513.1,1,52,513.5,1,59,513.05,1,454,513.6,2,510,513.0,6,1030,513.65,3,612,512.95,1,360,513.7,3,229
2017-06-20 07:35:50.463200,136247044,513.3,118849,86540,20,-1.26947489902,517.55,521.0,521.25,512.4,519.9,513.25,2,431,513.45,1,20,513.1,1,52,513.5,1,59,513.05,1,292,513.6,3,957,513.0,3,200,513.65,3,612,512.95,4,1197,513.7,4,528
2017-06-20 07:35:49.465602,1510401,513.3,2266017,549325,15,-1.31692780929,517.91,520.2,521.7,512.25,520.15,513.25,3,237,513.3,8,226,513.2,4,262,513.4,4,520,513.15,2,109,513.45,8,2553,513.1,4,348,513.5,7,793,513.05,1,1197,513.55,3,1225
2017-06-20 07:35:49.464894,136247044,513.3,118849,86490,20,-1.26947489902,517.55,521.0,521.25,512.4,519.9,513.25,2,431,513.45,1,20,513.1,1,52,513.5,1,59,513.05,1,292,513.6,3,957,513.0,3,200,513.65,3,612,512.9,4,237,513.7,4,528
2017-06-20 07:35:45.345572,1510401,513.3,2266002,549090,17,-1.31692780929,517.91,520.2,521.7,512.25,520.15,513.25,3,237,513.3,6,212,513.2,4,262,513.4,4,520,513.15,2,109,513.45,8,2553,513.1,4,348,513.5,7,793,513.05,1,1197,513.55,3,1225
2017-06-20 07:35:44.391501,1510401,513.3,2265925,549122,42,-1.31692780929,517.91,520.2,521.7,512.25,520.15,513.25,1,200,513.3,7,244,513.2,5,264,513.4,4,520,513.15,2,109,513.45,8,2553,513.1,4,348,513.5,7,793,513.05,1,1197,513.55,3,1225
2017-06-20 07:35:44.391347,136247044,513.3,118849,86601,20,-1.26947489902,517.55,521.0,521.25,512.4,519.9,513.25,1,100,513.3,1,5,513.1,1,52,513.45,2,467,513.05,1,292,513.5,1,59,513.0,3,200,513.55,1,84,512.9,3,153,513.6,4,1256
2017-06-20 07:35:42.301799,136247044,513.3,118849,86601,20,-1.26947489902,517.55,521.0,521.25,512.4,519.9,513.25,1,100,513.3,1,5,513.1,1,52,513.45,2,467,513.05,1,292,513.5,1,59,513.0,3,200,513.6,4,1256,512.9,3,153,513.65,3,660
2017-06-20 07:35:40.286645,1510401,513.3,2265720,549217,1,-1.31692780929,517.91,520.2,521.7,512.25,520.15,513.2,4,262,513.3,1,14,513.15,3,306,513.35,6,188,513.1,4,348,513.4,3,505,513.05,1,1197,513.45,9,2568,513.0,12,5156,513.5,8,1342
2017-06-20 07:35:39.448774,1510401,513.3,2265719,549338,50,-1.31692780929,517.91,520.2,521.7,512.25,520.15,513.2,4,262,513.3,1,15,513.15,3,306,513.35,12,308,513.1,4,348,513.4,3,505,513.05,1,1197,513.45,9,2568,513.0,12,5156,513.5,8,1342
2017-06-20 07:35:30.345195,1510401,513.3,2264990,548288,15,-1.31692780929,517.91,520.2,521.7,512.25,520.15,513.3,2,4,513.35,6,485,513.2,2,533,513.4,3,505,513.15,1,200,513.45,7,1312,513.1,3,277,513.5,7,793,513.05,2,1207,513.55,2,1215
2017-06-20 07:35:27.348753,1510401,513.3,2264124,548004,71,-1.31692780929,517.92,520.2,521.7,512.25,520.15,513.3,3,53,513.35,14,420,513.2,2,533,513.4,1,35,513.15,1,200,513.45,8,1332,513.1,3,277,513.5,8,1342,513.05,2,1207,513.55,1,1200
2017-06-20 07:35:24.491755,1510401,513.3,2263959,547981,38,-1.31692780929,517.92,520.2,521.7,512.25,520.15,513.3,4,97,513.35,10,404,513.2,2,533,513.4,1,35,513.15,2,263,513.45,7,1329,513.1,3,277,513.5,7,1338,513.05,2,1207,513.55,1,1200
2017-06-20 07:35:54.638023,1510401,513.35,2266621,548996,1,-1.30731519754,517.91,520.2,521.7,512.25,520.15,513.3,2,341,513.4,5,171,513.25,3,237,513.45,6,1567,513.2,5,362,513.5,7,140,513.15,3,326,513.55,2,1202,513.1,5,1034,513.6,7,4115
2017-06-20 07:35:53.598191,1510401,513.35,2266621,548975,1,-1.30731519754,517.91,520.2,521.7,512.25,520.15,513.3,2,341,513.4,3,150,513.25,3,237,513.45,6,1567,513.2,5,362,513.5,7,140,513.15,3,326,513.55,2,1202,513.1,5,1034,513.6,7,4115
2017-06-20 07:35:50.463552,1510401,513.35,2266560,548582,1,-1.30731519754,517.91,520.2,521.7,512.25,520.15,513.3,1,200,513.4,1,35,513.25,4,533,513.45,7,1582,513.2,5,362,513.5,6,125,513.15,3,795,513.55,2,1202,513.1,6,1044,513.6,7,4115
2017-06-20 07:35:42.301878,1510401,513.35,2265766,548629,17,-1.30731519754,517.91,520.2,521.7,512.25,520.15,513.2,5,264,513.3,6,231,513.15,4,523,513.4,2,50,513.1,4,348,513.45,9,2573,513.05,2,1626,513.5,7,793,513.0,12,5029,513.55,3,1225
2017-06-20 07:35:38.295095,1510401,513.35,2265633,549033,110,-1.30731519754,517.91,520.2,521.7,512.25,520.15,513.2,4,298,513.35,14,468,513.15,3,306,513.4,2,55,513.1,4,348,513.45,9,2568,513.05,1,1197,513.5,8,1342,513.0,12,5156,513.55,3,1225
2017-06-20 07:35:34.595219,1510401,513.35,2265186,548305,88,-1.30731519754,517.91,520.2,521.7,512.25,520.15,513.2,3,535,513.35,9,295,513.15,2,245,513.4,2,485,513.1,3,277,513.45,8,702,513.05,1,1197,513.5,7,793,513.0,12,5156,513.55,3,1225
2017-06-20 07:35:33.587278,1510401,513.35,2265186,548274,88,-1.30731519754,517.91,520.2,521.7,512.25,520.15,513.2,3,535,513.35,6,264,513.15,1,200,513.4,2,485,513.1,3,277,513.45,8,702,513.05,1,1197,513.5,7,793,513.0,12,5156,513.55,3,1225
2017-06-20 07:35:26.333065,1510401,513.35,2264027,547973,63,-1.30731519754,517.92,520.2,521.7,512.25,520.15,513.3,4,97,513.35,12,389,513.2,2,533,513.4,1,35,513.15,1,200,513.45,8,1332,513.1,3,277,513.5,8,1342,513.05,2,1207,513.55,1,1200
2017-06-20 07:35:25.546436,1510401,513.35,2263964,548036,5,-1.30731519754,517.92,520.2,521.7,512.25,520.15,513.3,4,97,513.35,12,452,513.2,2,533,513.4,1,35,513.15,2,263,513.45,8,1332,513.1,3,277,513.5,8,1342,513.05,2,1207,513.55,1,1200
2017-06-20 07:35:21.502468,1510401,513.35,2263821,548123,5,-1.30731519754,517.92,520.2,521.7,512.25,520.15,513.3,3,114,513.35,12,550,513.2,2,533,513.4,2,706,513.15,2,263,513.45,6,1248,513.1,3,277,513.5,7,2452,513.05,1,10,513.55,1,1200
2017-06-20 07:35:20.224581,1510401,513.35,2263816,548117,10,-1.30731519754,517.92,520.2,521.7,512.25,520.15,513.3,3,114,513.35,11,544,513.2,2,533,513.4,2,706,513.15,2,263,513.45,6,1248,513.1,3,277,513.5,7,2452,513.05,1,10,513.55,1,1200
2017-06-20 07:35:18.995508,1510401,513.35,2263806,548114,75,-1.30731519754,517.92,520.2,521.7,512.25,520.15,513.3,2,112,513.35,9,541,513.2,3,535,513.4,2,706,513.15,2,263,513.45,6,1248,513.1,3,277,513.5,7,2452,513.05,1,10,513.55,1,1200
2017-06-20 07:35:17.631099,1510401,513.35,2263731,548188,17,-1.30731519754,517.92,520.2,521.7,512.25,520.15,513.3,2,112,513.35,9,616,513.2,3,535,513.4,2,706,513.15,2,263,513.45,6,1248,513.1,3,277,513.5,6,2451,513.05,1,10,513.55,1,1200
2017-06-20 07:35:14.376516,1510401,513.35,2263731,548150,17,-1.30731519754,517.92,520.2,521.7,512.25,520.15,513.2,3,535,513.35,8,576,513.15,3,273,513.4,2,706,513.1,3,277,513.45,7,1683,513.0,10,4388,513.5,6,2451,512.95,3,956,513.55,4,1240
2017-06-20 07:35:13.322117,1510401,513.35,2263681,548154,100,-1.30731519754,517.92,520.2,521.7,512.25,520.15,513.2,1,450,513.35,6,556,513.15,4,275,513.4,2,706,513.1,4,372,513.45,7,1683,513.0,10,4388,513.5,6,2451,512.95,3,956,513.55,4,1240
2017-06-20 07:35:12.447544,1510401,513.35,2263556,548211,4,-1.30731519754,517.92,520.2,521.7,512.25,520.15,513.2,1,450,513.35,6,613,513.15,4,275,513.4,3,1156,513.1,4,372,513.45,7,1683,513.0,10,4388,513.5,6,2451,512.95,3,956,513.55,4,1240
2017-06-20 07:35:11.473522,1510401,513.35,2263556,548499,4,-1.30731519754,517.92,520.2,521.7,512.25,520.15,513.2,1,450,513.35,7,554,513.15,4,275,513.4,5,2052,513.1,4,372,513.45,6,1383,513.0,10,4388,513.5,6,2451,512.95,2,270,513.55,6,1738
2017-06-20 07:35:10.236577,1510401,513.35,2263556,548226,4,-1.30731519754,517.92,520.2,521.7,512.25,520.15,513.2,1,450,513.35,5,281,513.15,4,275,513.4,5,2052,513.1,4,372,513.45,6,1383,513.0,10,4388,513.5,6,2451,512.95,2,270,513.55,6,1738
2017-06-20 07:35:58.391717,1510401,513.4,2266913,549094,41,-1.29770258579,517.91,520.2,521.7,512.25,520.15,513.4,1,118,513.45,6,1536,513.3,4,393,513.5,7,140,513.25,2,235,513.55,2,1202,513.2,5,362,513.6,6,4385,513.15,5,1022,513.65,3,716
2017-06-20 07:35:37.476757,136247044,513.4,118829,86868,60,-1.25024043085,517.55,521.0,521.25,512.4,519.9,513.25,1,100,513.35,1,14,513.1,1,52,513.45,1,20,513.05,1,292,513.5,1,59,513.0,2,143,513.6,3,957,512.9,3,153,513.65,4,911
2017-06-20 07:35:26.333012,136247044,513.4,118829,87346,60,-1.25024043085,517.55,521.0,521.25,512.4,519.9,513.25,1,100,513.5,4,610,513.1,1,52,513.55,2,538,513.05,1,292,513.6,3,957,513.0,2,143,513.65,4,959,512.9,3,153,513.7,2,97
2017-06-20 07:35:23.435832,136247044,513.4,118829,87346,60,-1.25024043085,517.55,521.0,521.25,512.4,519.9,513.25,1,100,513.5,4,610,513.05,1,292,513.55,2,538,513.0,2,143,513.6,3,957,512.9,3,153,513.65,4,959,512.85,4,1190,513.7,2,97
2017-06-20 07:35:19.460524,136247044,513.4,118829,86834,60,-1.25024043085,517.55,521.0,521.25,512.4,519.9,513.25,1,100,513.5,2,98,513.05,1,292,513.55,2,538,513.0,2,143,513.6,3,957,512.9,4,452,513.65,4,959,512.85,3,891,513.7,2,97
2017-06-20 07:35:18.995482,136247044,513.4,118829,86834,60,-1.25024043085,517.55,521.0,521.25,512.4,519.9,513.3,1,256,513.5,1,59,513.25,1,100,513.55,2,538,513.05,1,292,513.6,3,957,513.0,2,143,513.65,4,959,512.9,4,452,513.7,2,97
2017-06-20 07:35:17.631045,136247044,513.4,118829,86834,60,-1.25024043085,517.55,521.0,521.25,512.4,519.9,513.25,1,100,513.45,1,447,513.05,1,292,513.5,1,59,513.0,2,143,513.55,2,538,512.9,3,153,513.6,3,957,512.85,4,1190,513.65,4,959
2017-06-20 07:35:16.346622,136247044,513.4,118829,86834,60,-1.25024043085,517.55,521.0,521.25,512.4,519.9,513.25,1,100,513.45,1,447,513.05,1,292,513.5,1,59,513.0,2,143,513.55,2,538,512.9,2,88,513.6,3,957,512.85,3,891,513.65,4,959
2017-06-20 07:35:12.448132,136247044,513.4,118829,87346,60,-1.25024043085,517.55,521.0,521.25,512.4,519.9,513.25,1,100,513.45,3,959,513.05,1,292,513.5,1,59,513.0,2,143,513.55,2,538,512.9,2,88,513.6,3,957,512.85,2,807,513.65,4,959
2017-06-20 07:36:04.665008,1510401,513.45,2269810,546007,4,-1.28808997405,517.9,520.2,521.7,512.25,520.15,513.4,5,595,513.45,3,240,513.35,1,97,513.5,3,23,513.3,4,941,513.7,5,281,513.25,6,1418,513.75,2,30,513.2,9,4190,513.8,1,2
2017-06-20 07:36:03.544350,136247044,513.45,119078,82032,87,-1.24062319677,517.54,521.0,521.25,512.4,519.9,513.3,3,784,513.7,1,50,513.25,2,431,513.75,1,299,513.2,1,454,513.8,2,101,513.15,1,447,513.9,3,553,513.1,3,188,513.95,1,264
2017-06-20 07:36:03.544085,1510401,513.45,2266989,547798,1,-1.28808997405,517.91,520.2,521.7,512.25,520.15,513.4,3,416,513.45,8,1755,513.35,1,4,513.5,5,105,513.3,5,1082,513.65,1,20,513.25,6,1418,513.7,5,263,513.2,9,4190,513.75,2,30
2017-06-20 07:36:02.801455,1510401,513.45,2266988,548564,10,-1.28808997405,517.91,520.2,521.7,512.25,520.15,513.4,2,120,513.45,8,1756,513.3,4,396,513.5,7,140,513.25,3,385,513.55,1,1200,513.2,6,1496,513.6,5,3637,513.15,5,1022,513.65,2,701
2017-06-20 07:36:00.459871,1510401,513.45,2266967,549322,12,-1.28808997405,517.91,520.2,521.7,512.25,520.15,513.4,2,120,513.45,7,1764,513.3,4,396,513.5,7,140,513.25,2,235,513.55,2,1202,513.2,5,1046,513.6,6,4385,513.15,5,1022,513.65,2,701
2017-06-20 07:35:59.403213,1510401,513.45,2266955,549334,23,-1.28808997405,517.91,520.2,521.7,512.25,520.15,513.4,1,118,513.45,7,1776,513.3,5,398,513.5,7,140,513.25,2,235,513.55,2,1202,513.2,5,1046,513.6,6,4385,513.15,5,1022,513.65,3,716
2017-06-20 07:35:57.341182,1510401,513.45,2266831,549176,31,-1.28808997405,517.91,520.2,521.7,512.25,520.15,513.3,4,393,513.4,2,82,513.25,2,235,513.45,6,1536,513.2,5,362,513.5,7,140,513.15,4,1012,513.55,2,1202,513.1,8,3189,513.6,7,4400
2017-06-20 07:35:56.455919,1510401,513.45,2266831,549372,31,-1.28808997405,517.91,520.2,521.7,512.25,520.15,513.3,4,393,513.4,2,82,513.25,2,235,513.45,6,1536,513.2,5,362,513.5,7,140,513.15,4,1012,513.55,2,1202,513.1,8,3189,513.6,7,4400
2017-06-20 07:36:04.665147,136247044,513.75,119264,83529,136,-1.18291979227,517.54,521.0,521.25,512.4,519.9,513.3,3,784,513.7,1,181,513.25,2,431,513.75,1,299,513.15,1,447,513.8,2,101,513.1,3,188,513.9,3,553,513.05,1,360,513.95,1,264
2017-06-20 07:35:17.631179,128022276,540.6,22033,34361,75,0.268941852917,542.42,541.8,545.0,536.0,539.15,540.55,2,113,541.2,1,84,540.5,2,212,541.25,1,187,540.45,2,382,541.45,3,120,540.4,6,1108,541.5,4,501,540.35,1,188,541.55,1,128
2017-06-20 07:35:15.544679,128022276,540.6,22033,34380,75,0.268941852917,542.42,541.8,545.0,536.0,539.15,540.6,1,23,541.2,1,84,540.55,1,70,541.25,1,187,540.5,2,212,541.4,1,43,540.45,2,382,541.45,3,120,540.4,6,1108,541.5,4,520
2017-06-20 07:35:14.376155,128022276,540.6,22033,31656,75,0.268941852917,542.42,541.8,545.0,536.0,539.15,540.55,1,70,541.2,1,84,540.5,2,212,541.25,1,187,540.45,2,382,541.4,1,43,540.4,6,1108,541.45,3,120,540.35,1,188,541.5,4,520
2017-06-20 07:35:10.236309,128022276,540.6,22033,32871,75,0.268941852917,542.42,541.8,545.0,536.0,539.15,540.55,1,70,541.2,1,84,540.5,3,560,541.25,1,187,540.45,1,34,541.4,1,43,540.4,6,1108,541.45,3,120,540.35,1,188,541.5,4,520
2017-06-20 07:35:07.362389,128022276,540.6,22033,33284,75,0.268941852917,542.42,541.8,545.0,536.0,539.15,540.55,1,70,541.2,2,127,540.5,3,560,541.25,1,187,540.45,2,39,541.4,2,86,540.4,5,1103,541.5,7,500,540.35,1,188,541.55,3,543
2017-06-20 07:35:05.285820,128022276,540.6,21833,33284,5,0.268941852917,542.44,541.8,545.0,536.0,539.15,540.6,4,125,541.2,2,127,540.55,1,70,541.25,1,187,540.5,3,560,541.4,1,43,540.45,3,71,541.5,6,475,540.4,5,1103,541.55,3,220
2017-06-20 07:35:33.587224,177665,541.3,354042,131750,51,0.287169986105,542.55,539.75,546.0,536.0,539.75,541.3,3,40,541.6,2,34,541.25,1,357,541.65,2,80,541.2,1,2,541.7,1,6,541.15,1,20,541.75,1,2000,541.1,1,130,541.8,3,240
2017-06-20 07:35:32.512018,177665,541.3,354042,131754,51,0.287169986105,542.55,539.75,546.0,536.0,539.75,541.3,3,40,541.6,2,34,541.25,1,357,541.65,1,77,541.2,1,2,541.7,1,6,541.15,1,20,541.75,1,2000,541.1,1,130,541.8,4,247
2017-06-20 07:36:02.801614,177665,541.5,354384,132710,27,0.32422417786,542.55,539.75,546.0,536.0,539.75,541.3,4,166,541.5,2,45,541.25,2,290,541.6,2,993,541.2,1,25,541.65,3,48,541.15,2,246,541.7,1,6,541.1,2,150,541.75,2,2020
2017-06-20 07:35:58.391955,128022276,541.5,23033,33850,336,0.435871278865,542.38,541.8,545.0,536.0,539.15,540.55,3,315,541.2,1,84,540.5,1,187,541.25,1,103,540.45,2,104,541.3,2,35,540.4,5,1426,541.35,2,184,540.35,1,5,541.5,3,257
2017-06-20 07:35:58.391901,177665,541.5,354384,132710,27,0.32422417786,542.55,539.75,546.0,536.0,539.75,541.3,2,163,541.5,2,45,541.25,2,290,541.6,2,993,541.2,1,25,541.65,3,48,541.15,2,246,541.7,1,6,541.1,2,150,541.75,2,2020
2017-06-20 07:35:57.341349,177665,541.5,354357,132700,25,0.32422417786,542.55,539.75,546.0,536.0,539.75,541.3,3,166,541.5,1,59,541.25,2,290,541.6,1,969,541.2,1,25,541.65,3,48,541.15,2,246,541.7,1,6,541.1,2,150,541.75,2,2020
2017-06-20 07:35:54.637749,128022276,541.5,23033,33867,336,0.435871278865,542.38,541.8,545.0,536.0,539.15,540.55,3,315,541.2,1,84,540.5,1,187,541.25,1,103,540.45,2,104,541.3,2,35,540.4,5,1426,541.35,2,201,540.35,1,5,541.45,1,188
2017-06-20 07:35:54.637654,177665,541.5,354357,132700,25,0.32422417786,542.55,539.75,546.0,536.0,539.75,541.3,2,66,541.5,1,59,541.25,1,223,541.6,1,969,541.2,1,25,541.65,3,48,541.15,2,246,541.7,1,6,541.1,2,150,541.75,2,2020
2017-06-20 07:35:53.598350,177665,541.5,354332,132725,6,0.32422417786,542.55,539.75,546.0,536.0,539.75,541.3,2,66,541.5,1,84,541.25,2,580,541.6,1,969,541.2,1,25,541.65,3,48,541.15,1,2,541.7,1,6,541.1,2,150,541.75,2,2020
2017-06-20 07:35:52.338902,177665,541.5,354332,132725,6,0.32422417786,542.55,539.75,546.0,536.0,539.75,541.3,1,63,541.5,1,84,541.25,2,580,541.6,1,969,541.2,1,25,541.65,3,48,541.15,1,2,541.7,1,6,541.1,2,150,541.75,2,2020
2017-06-20 07:35:52.338371,128022276,541.5,23033,33899,336,0.435871278865,542.38,541.8,545.0,536.0,539.15,540.55,3,315,541.2,1,84,540.5,1,187,541.25,1,103,540.45,2,104,541.3,2,35,540.4,5,1426,541.35,2,233,540.35,1,5,541.45,1,188
2017-06-20 07:35:51.787740,177665,541.5,354332,132725,6,0.32422417786,542.55,539.75,546.0,536.0,539.75,541.3,1,63,541.5,1,84,541.25,3,651,541.6,1,969,541.2,1,25,541.65,2,36,541.15,1,2,541.7,1,6,541.1,2,150,541.75,2,2020
2017-06-20 07:35:50.463169,128022276,541.5,23033,33899,336,0.435871278865,542.38,541.8,545.0,536.0,539.15,540.55,3,315,541.2,1,84,540.5,1,187,541.25,1,103,540.45,2,104,541.3,2,35,540.4,5,1426,541.35,3,421,540.35,1,5,541.5,3,94
2017-06-20 07:35:49.463645,128022276,541.5,23033,33841,336,0.435871278865,542.38,541.8,545.0,536.0,539.15,540.75,2,271,541.2,1,84,540.6,1,188,541.4,2,35,540.55,2,48,541.45,3,321,540.5,2,212,541.5,2,119,540.45,1,34,541.55,1,296
2017-06-20 07:35:44.391745,128022276,541.5,23033,33841,336,0.435871278865,542.38,541.8,545.0,536.0,539.15,540.75,2,271,541.2,1,84,540.6,1,188,541.4,2,35,540.55,2,48,541.45,3,321,540.5,2,212,541.5,2,119,540.45,1,34,541.55,1,296
2017-06-20 07:35:39.449100,128022276,541.5,23033,33736,336,0.435871278865,542.38,541.8,545.0,536.0,539.15,540.75,2,271,541.2,1,84,540.6,1,188,541.45,2,35,540.55,2,48,541.5,4,207,540.5,2,212,541.55,1,296,540.45,1,34,541.6,3,434
2017-06-20 07:35:34.595380,128022276,541.5,23033,33678,336,0.435871278865,542.38,541.8,545.0,536.0,539.15,540.6,2,109,541.2,1,84,540.55,1,43,541.45,2,35,540.5,2,212,541.5,4,249,540.45,3,109,541.55,1,296,540.4,5,1426,541.6,4,622
2017-06-20 07:35:49.463413,177665,541.6,354226,132641,31,0.342751273738,542.55,539.75,546.0,536.0,539.75,541.5,2,101,541.6,1,969,541.3,2,88,541.65,2,36,541.25,3,651,541.7,1,6,541.2,1,20,541.75,1,2000,541.15,1,2,541.8,2,220
2017-06-20 07:35:42.301773,177665,541.65,354195,131672,13,0.352014821677,542.55,539.75,546.0,536.0,539.75,541.5,3,105,541.65,2,36,541.35,1,25,541.7,1,6,541.3,2,83,541.75,1,2000,541.25,3,651,541.8,2,220,541.15,1,2,541.85,1,244
2017-06-20 07:35:41.486220,177665,541.65,354195,131672,13,0.352014821677,542.55,539.75,546.0,536.0,539.75,541.5,2,101,541.65,2,36,541.35,1,25,541.7,1,6,541.3,2,83,541.75,1,2000,541.25,3,651,541.8,2,220,541.15,1,2,541.85,1,244
2017-06-20 07:35:40.286593,177665,541.65,354195,131672,13,0.352014821677,542.55,539.75,546.0,536.0,539.75,541.5,1,100,541.65,2,36,541.4,1,1,541.7,1,6,541.35,1,25,541.75,1,2000,541.3,2,83,541.8,2,220,541.25,3,651,541.85,1,244
2017-06-20 07:35:39.448741,177665,541.65,354182,131685,21,0.352014821677,542.55,539.75,546.0,536.0,539.75,541.5,1,100,541.65,2,49,541.4,1,1,541.7,1,6,541.35,1,25,541.75,1,2000,541.3,2,83,541.8,2,220,541.25,3,651,541.85,1,244
2017-06-20 07:35:34.595075,177665,541.65,354161,131706,10,0.352014821677,542.55,539.75,546.0,536.0,539.75,541.4,1,33,541.65,2,70,541.35,2,116,541.7,1,6,541.3,2,66,541.75,1,2000,541.25,3,651,541.8,2,220,541.2,1,2,541.85,2,264
2017-06-20 07:35:27.349150,177665,541.65,353941,131668,5,0.352014821677,542.55,539.75,546.0,536.0,539.75,541.5,4,4,541.65,2,88,541.35,2,34,541.7,1,6,541.3,1,63,541.75,1,2000,541.25,2,424,541.8,2,152,541.2,1,2,541.85,1,20
2017-06-20 07:35:26.332986,177665,541.65,353936,131673,17,0.352014821677,542.55,539.75,546.0,536.0,539.75,541.5,5,5,541.65,2,93,541.35,2,34,541.7,1,6,541.3,1,63,541.75,1,2000,541.25,2,424,541.8,2,152,541.2,2,77,541.85,1,20
2017-06-20 07:35:23.435859,177665,541.65,353936,131673,17,0.352014821677,542.55,539.75,546.0,536.0,539.75,541.5,5,5,541.65,2,93,541.35,2,34,541.7,1,6,541.3,1,63,541.75,1,2000,541.25,2,424,541.8,2,152,541.2,2,77,541.85,1,20
2017-06-20 07:35:22.444854,177665,541.65,353936,131673,17,0.352014821677,542.55,539.75,546.0,536.0,539.75,541.5,4,4,541.65,2,93,541.35,2,34,541.7,1,6,541.3,1,63,541.75,1,2000,541.25,2,424,541.8,2,152,541.2,2,77,541.85,1,20
2017-06-20 07:35:18.995455,177665,541.65,353936,131673,17,0.352014821677,542.55,539.75,546.0,536.0,539.75,541.5,4,4,541.65,2,93,541.35,2,34,541.7,1,6,541.3,1,63,541.75,1,2000,541.25,2,424,541.8,2,152,541.2,2,77,541.85,1,20
2017-06-20 07:35:17.631018,177665,541.65,353936,131673,17,0.352014821677,542.55,539.75,546.0,536.0,539.75,541.5,4,4,541.65,2,93,541.35,2,34,541.7,1,6,541.3,1,63,541.75,1,2000,541.25,2,424,541.8,2,152,541.2,2,77,541.85,1,20
2017-06-20 07:35:14.376458,177665,541.65,353911,129688,1,0.352014821677,542.55,539.75,546.0,536.0,539.75,541.5,4,4,541.65,2,108,541.35,2,34,541.7,1,6,541.3,2,65,541.8,2,152,541.25,2,424,541.85,1,20,541.2,1,75,541.9,3,294
2017-06-20 07:35:12.448186,177665,541.65,353911,129688,1,0.352014821677,542.55,539.75,546.0,536.0,539.75,541.5,3,3,541.65,2,108,541.35,2,34,541.7,1,6,541.3,2,65,541.8,2,152,541.25,2,424,541.85,1,20,541.2,1,75,541.9,3,294
2017-06-20 07:35:11.473468,177665,541.65,353911,130688,1,0.352014821677,542.55,539.75,546.0,536.0,539.75,541.5,3,3,541.65,2,108,541.35,2,34,541.7,1,6,541.3,2,65,541.8,2,152,541.25,2,424,541.85,1,20,541.2,1,75,541.9,3,294
2017-06-20 07:35:05.285180,177665,541.65,353911,130141,1,0.352014821677,542.55,539.75,546.0,536.0,539.75,541.5,3,3,541.65,1,8,541.4,1,25,541.7,1,6,541.35,3,86,541.8,3,227,541.3,1,63,541.9,5,444,541.25,4,644,541.95,4,406
2017-06-20 07:35:49.463446,134349828,656.95,131820,51076,40,0.259442960702,658.9,660.25,662.95,654.0,655.25,657.05,2,16,657.4,1,61,657.0,1,86,657.45,2,148,656.85,1,151,657.5,2,233,656.8,2,173,657.7,2,258,656.75,3,293,657.75,3,343
2017-06-20 07:35:45.345849,134349828,656.95,131820,51076,40,0.259442960702,658.9,660.25,662.95,654.0,655.25,657.05,2,16,657.4,1,61,657.0,1,86,657.45,2,148,656.85,1,151,657.5,2,233,656.8,2,173,657.7,2,258,656.75,3,293,657.75,3,343
2017-06-20 07:35:43.238776,134349828,656.95,131820,51076,40,0.259442960702,658.9,660.25,662.95,654.0,655.25,657.0,2,234,657.4,1,61,656.8,2,173,657.45,2,148,656.75,2,268,657.5,2,233,656.7,2,187,657.7,2,258,656.65,1,132,657.75,3,343
2017-06-20 07:35:41.486462,134349828,656.95,131820,50998,40,0.259442960702,658.9,660.25,662.95,654.0,655.25,656.95,1,8,657.4,1,61,656.9,1,61,657.45,3,270,656.8,2,173,657.5,2,233,656.75,1,219,657.7,2,258,656.7,2,187,657.75,3,343
2017-06-20 07:35:40.286799,134349828,657.1,131780,51022,10,0.282334986646,658.9,660.25,662.95,654.0,655.25,656.95,2,73,657.05,1,40,656.85,1,49,657.45,3,231,656.8,4,611,657.5,2,233,656.75,1,63,657.6,3,457,656.7,3,209,657.7,2,258
2017-06-20 07:35:39.449073,134349828,657.1,131780,50379,10,0.282334986646,658.9,660.25,662.95,654.0,655.25,656.9,1,70,657.05,1,40,656.85,1,49,657.45,3,231,656.8,4,611,657.5,2,233,656.75,1,63,657.6,3,457,656.7,3,209,657.7,2,258
2017-06-20 07:35:36.301806,134349828,657.1,131780,50977,10,0.282334986646,658.9,660.25,662.95,654.0,655.25,656.9,1,70,657.05,1,40,656.85,2,74,657.45,3,231,656.8,3,586,657.5,2,233,656.75,1,63,657.6,3,457,656.7,3,209,657.7,2,258
2017-06-20 07:35:35.390879,134349828,657.1,131780,50977,10,0.282334986646,658.9,660.25,662.95,654.0,655.25,656.9,1,70,657.1,1,40,656.85,2,74,657.45,3,231,656.8,3,586,657.5,2,233,656.75,1,63,657.6,2,269,656.7,3,209,657.65,1,219
2017-06-20 07:36:04.665065,134349828,657.4,131836,51071,8,0.328119038535,658.9,660.25,662.95,654.0,655.25,657.2,1,25,657.4,1,45,657.05,1,104,657.45,2,148,656.8,1,148,657.5,2,233,656.7,2,61,657.6,1,219,656.6,3,702,657.7,3,409
2017-06-20 07:35:58.391847,134349828,657.4,131828,51126,8,0.328119038535,658.9,660.25,662.95,654.0,655.25,657.05,2,112,657.4,1,53,657.0,1,148,657.45,2,148,656.8,2,299,657.5,2,233,656.75,1,25,657.6,1,219,656.7,2,61,657.65,1,151
2017-06-20 07:35:52.338848,134349828,657.4,131828,50814,8,0.328119038535,658.9,660.25,662.95,654.0,655.25,657.05,3,120,657.4,1,53,657.0,1,148,657.45,2,148,656.85,1,151,657.5,2,233,656.8,2,173,657.7,2,258,656.75,1,25,657.75,2,232
2017-06-20 07:35:51.787816,134349828,657.4,131828,50814,8,0.328119038535,658.9,660.25,662.95,654.0,655.25,657.0,2,234,657.4,1,53,656.8,1,148,657.45,2,148,656.75,1,25,657.5,2,233,656.7,2,187,657.7,1,148,656.65,1,25,657.75,2,232
2017-06-20 07:35:28.330529,134349828,657.45,131745,51335,93,0.33574971385,658.9,660.25,662.95,654.0,655.25,657.15,1,6,657.45,3,231,657.1,1,19,657.5,2,233,656.85,1,52,657.6,1,219,656.8,2,176,657.7,3,409,656.7,3,102,657.75,4,579
2017-06-20 07:35:11.473761,134349828,657.5,131636,51266,10,0.343380389164,658.9,660.25,662.95,654.0,655.25,657.1,1,19,657.45,4,418,656.85,1,52,657.5,1,148,656.75,1,25,657.6,1,219,656.7,3,102,657.7,3,409,656.65,2,200,657.75,5,628
2017-06-20 07:35:10.236234,134349828,657.5,131636,51380,10,0.343380389164,658.9,660.25,662.95,654.0,655.25,657.1,1,19,657.45,3,296,656.9,1,25,657.5,1,148,656.85,1,52,657.7,3,409,656.7,4,151,657.75,3,447,656.6,2,438,657.8,2,438
2017-06-20 07:35:09.495106,134349828,657.5,131636,51393,10,0.343380389164,658.9,660.25,662.95,654.0,655.25,657.15,1,6,657.45,2,213,657.1,1,19,657.5,2,244,657.05,1,148,657.7,3,409,656.9,1,25,657.75,3,447,656.85,1,52,657.8,2,438
2017-06-20 07:35:05.285786,134349828,657.5,131636,51105,10,0.343380389164,658.9,660.25,662.95,654.0,655.25,657.15,1,107,657.6,2,169,657.1,1,19,657.7,1,148,657.05,1,148,657.75,2,299,656.9,1,25,657.8,1,219,656.85,2,95,657.85,1,111
2017-06-20 07:35:39.448939,70401,657.65,1665109,375236,13,0.343301800427,659.55,660.0,663.0,653.5,655.4,657.65,3,187,658.0,1,70,657.6,1,268,658.1,2,22,657.55,1,198,658.15,2,76,657.5,5,1502,658.2,3,1112,657.45,3,1081,658.25,1,268
2017-06-20 07:35:37.476818,70401,657.65,1665109,375256,13,0.343301800427,659.55,660.0,663.0,653.5,655.4,657.65,3,187,658.0,1,70,657.6,1,268,658.1,2,22,657.55,1,198,658.15,2,76,657.5,5,1502,658.2,3,1112,657.45,3,1081,658.25,1,268
2017-06-20 07:35:36.301673,70401,657.65,1665109,375256,13,0.343301800427,659.55,660.0,663.0,653.5,655.4,657.65,2,87,658.0,1,70,657.6,1,268,658.1,2,22,657.55,1,198,658.15,2,76,657.5,5,1502,658.2,3,1112,657.45,3,1081,658.3,1,402
2017-06-20 07:35:40.286748,70401,657.7,1665159,375774,50,0.350930729326,659.55,660.0,663.0,653.5,655.4,657.85,1,46,658.0,1,70,657.65,2,120,658.1,2,22,657.6,1,67,658.15,2,76,657.55,1,268,658.2,2,710,657.5,6,2202,658.3,1,402
2017-06-20 07:35:34.595327,70401,657.7,1665009,375256,72,0.350930729326,659.55,660.0,663.0,653.5,655.4,657.7,1,78,658.0,1,70,657.65,4,195,658.1,2,22,657.6,1,268,658.15,2,76,657.55,1,198,658.2,3,1112,657.5,5,1502,658.3,1,402
2017-06-20 07:35:33.586899,70401,657.7,1665009,375256,72,0.350930729326,659.55,660.0,663.0,653.5,655.4,657.7,1,78,658.0,1,70,657.65,4,195,658.1,2,22,657.6,1,268,658.15,2,76,657.55,1,198,658.2,3,1112,657.5,5,1502,658.3,1,402
2017-06-20 07:36:03.544605,70401,657.95,1667358,377296,121,0.389075373818,659.55,660.0,663.0,653.5,655.4,657.6,2,100,657.95,1,78,657.55,2,142,658.0,2,150,657.5,3,588,658.1,3,280,657.45,2,686,658.2,1,402,657.4,2,541,658.25,2,360
2017-06-20 07:35:30.345275,70401,657.95,1664543,375935,100,0.389075373818,659.56,660.0,663.0,653.5,655.4,657.95,1,45,658.0,9,543,657.9,1,1,658.1,2,22,657.8,1,61,658.15,2,76,657.7,1,150,658.2,2,710,657.65,1,2,658.3,1,402
2017-06-20 07:35:29.503676,70401,657.95,1664365,376013,24,0.389075373818,659.56,660.0,663.0,653.5,655.4,657.95,1,21,658.0,9,621,657.9,2,2,658.1,2,22,657.8,1,61,658.15,2,76,657.7,1,150,658.2,2,710,657.65,1,2,658.3,1,402
2017-06-20 07:35:28.330499,70401,657.95,1664365,376196,24,0.389075373818,659.56,660.0,663.0,653.5,655.4,657.95,1,21,658.0,9,621,657.9,2,2,658.1,2,22,657.8,1,61,658.15,2,76,657.7,1,150,658.2,2,710,657.65,1,2,658.3,1,402
2017-06-20 07:35:24.491918,70401,657.95,1664307,376290,8,0.389075373818,659.56,660.0,663.0,653.5,655.4,657.9,2,46,657.95,1,58,657.8,1,61,658.0,10,929,657.7,1,150,658.1,3,89,657.65,1,2,658.15,2,282,657.6,1,20,658.2,2,710
2017-06-20 07:35:23.435433,70401,657.95,1664307,376332,8,0.389075373818,659.56,660.0,663.0,653.5,655.4,657.9,1,45,658.0,9,899,657.8,1,61,658.1,2,87,657.7,1,150,658.15,1,273,657.65,1,2,658.2,3,746,657.6,1,20,658.3,1,402
2017-06-20 07:35:21.502029,70401,657.95,1664307,376268,8,0.389075373818,659.56,660.0,663.0,653.5,655.4,657.9,1,45,658.0,9,899,657.8,1,61,658.1,2,87,657.7,1,150,658.15,1,273,657.65,1,2,658.2,3,746,657.6,1,20,658.3,1,402
2017-06-20 07:35:20.224636,70401,657.95,1664307,376243,8,0.389075373818,659.56,660.0,663.0,653.5,655.4,657.85,1,45,658.0,9,899,657.8,1,61,658.1,2,87,657.7,1,150,658.15,1,273,657.65,1,2,658.2,3,746,657.6,1,20,658.3,1,402
2017-06-20 07:35:18.995677,70401,657.95,1664299,376467,26,0.389075373818,659.56,660.0,663.0,653.5,655.4,657.8,2,62,657.95,1,80,657.7,1,150,658.0,11,999,657.65,1,2,658.05,1,402,657.55,2,87,658.1,1,67,657.5,3,588,658.15,1,273
2017-06-20 07:35:14.375967,70401,657.95,1664299,376286,26,0.389075373818,659.56,660.0,663.0,653.5,655.4,657.8,2,62,658.0,7,877,657.7,1,150,658.05,1,20,657.65,1,2,658.1,1,67,657.55,2,87,658.15,2,274,657.5,3,588,658.2,3,746
2017-06-20 07:35:13.321790,70401,657.95,1664299,376286,26,0.389075373818,659.56,660.0,663.0,653.5,655.4,657.8,1,61,658.0,7,877,657.7,1,150,658.05,1,20,657.65,1,2,658.1,1,67,657.55,2,87,658.15,2,274,657.5,3,588,658.2,3,746
2017-06-20 07:35:12.447729,70401,657.95,1664237,376415,3,0.389075373818,659.56,660.0,663.0,653.5,655.4,657.8,1,61,657.95,2,116,657.7,1,150,658.0,9,977,657.65,1,2,658.05,1,402,657.55,1,20,658.15,2,274,657.5,3,588,658.2,4,1148
2017-06-20 07:35:11.473603,70401,657.95,1664237,376270,3,0.389075373818,659.56,660.0,663.0,653.5,655.4,657.8,1,61,657.95,2,116,657.7,1,150,658.0,8,937,657.65,1,2,658.05,1,402,657.55,1,20,658.15,2,274,657.5,3,588,658.2,4,1148
2017-06-20 07:35:59.402891,70401,658.0,1667034,377206,8,0.396704302716,659.55,660.0,663.0,653.5,655.4,657.95,2,101,658.0,2,150,657.6,1,20,658.1,3,280,657.55,1,67,658.25,2,360,657.5,3,588,658.3,1,402,657.45,2,686,658.35,1,402
2017-06-20 07:35:58.391554,70401,658.0,1667026,377214,52,0.396704302716,659.55,660.0,663.0,653.5,655.4,657.95,3,102,658.0,2,158,657.6,1,20,658.1,3,280,657.55,1,67,658.25,2,360,657.5,3,588,658.3,1,402,657.45,2,686,658.35,1,402
2017-06-20 07:35:55.532575,70401,658.0,1666576,377244,22,0.396704302716,659.55,660.0,663.0,653.5,655.4,657.95,3,102,658.0,2,188,657.6,1,20,658.1,3,280,657.55,1,67,658.25,2,360,657.5,3,588,658.35,1,402,657.45,3,1088,658.4,2,414
2017-06-20 07:35:54.637888,70401,658.0,1666541,377069,197,0.396704302716,659.55,660.0,663.0,653.5,655.4,657.95,3,102,658.0,2,13,657.6,1,20,658.1,3,280,657.55,1,67,658.25,2,360,657.5,3,588,658.35,1,402,657.45,3,1088,658.4,2,414
2017-06-20 07:35:53.597922,70401,658.0,1666541,376269,197,0.396704302716,659.55,660.0,663.0,653.5,655.4,657.95,2,101,658.0,2,13,657.6,1,20,658.1,3,280,657.55,1,67,658.25,2,360,657.5,3,588,658.35,1,402,657.45,3,1088,658.4,2,414
2017-06-20 07:35:52.338551,70401,658.0,1666541,376269,197,0.396704302716,659.55,660.0,663.0,653.5,655.4,657.95,2,101,658.0,2,13,657.6,1,20,658.1,3,280,657.55,1,67,658.25,2,360,657.5,3,588,658.35,1,402,657.45,3,1088,658.4,2,414
2017-06-20 07:35:50.463338,70401,658.0,1666140,376768,6,0.396704302716,659.55,660.0,663.0,653.5,655.4,657.95,2,47,658.0,2,204,657.65,1,100,658.1,3,280,657.6,1,20,658.25,2,360,657.55,1,67,658.3,1,273,657.5,5,1000,658.35,1,402
2017-06-20 07:35:49.465236,70401,658.0,1666140,376758,6,0.396704302716,659.55,660.0,663.0,653.5,655.4,657.95,2,47,658.0,2,204,657.65,1,100,658.1,3,280,657.6,1,20,658.25,2,360,657.55,1,67,658.3,1,273,657.5,5,1000,658.35,1,402
2017-06-20 07:35:44.391611,70401,658.0,1666134,376772,200,0.396704302716,659.55,660.0,663.0,653.5,655.4,657.85,1,46,658.0,2,210,657.65,3,236,658.1,3,280,657.6,1,67,658.25,2,360,657.55,1,268,658.3,1,273,657.5,5,1000,658.35,1,402
2017-06-20 07:35:42.301475,70401,658.0,1666134,376854,200,0.396704302716,659.55,660.0,663.0,653.5,655.4,657.85,1,46,658.0,1,200,657.65,3,236,658.1,2,267,657.6,1,67,658.25,1,343,657.55,1,268,658.3,1,273,657.5,5,1000,658.35,1,402
2017-06-20 07:35:10.236630,70401,658.0,1664173,375670,6,0.396704302716,659.56,660.0,663.0,653.5,655.4,657.95,3,29,658.0,4,219,657.8,1,61,658.1,1,20,657.7,1,150,658.15,2,68,657.65,1,2,658.2,3,746,657.55,1,20,658.3,1,273
2017-06-20 07:35:07.362308,70401,658.0,1664167,375689,40,0.396704302716,659.56,660.0,663.0,653.5,655.4,657.95,4,30,658.0,4,225,657.8,1,61,658.1,1,20,657.7,1,150,658.15,2,68,657.65,1,2,658.2,3,746,657.55,1,20,658.35,1,402
2017-06-20 07:35:05.285544,70401,658.0,1664167,375521,40,0.396704302716,659.56,660.0,663.0,653.5,655.4,657.95,4,9,658.0,3,205,657.8,1,61,658.1,1,20,657.7,1,150,658.15,2,68,657.65,1,2,658.2,3,746,657.6,1,20,658.35,1,402
2017-06-20 07:35:41.486409,70401,658.2,1665934,376546,42,0.427220018309,659.55,660.0,663.0,653.5,655.4,657.85,1,46,658.0,2,508,657.65,2,216,658.1,2,267,657.6,1,20,658.2,1,308,657.55,1,268,658.25,1,343,657.5,4,802,658.3,1,273
2017-06-20 07:35:05.285989,128140036,666.05,44163,31845,1,-0.187322044058,667.22,668.25,671.95,663.0,667.3,666.05,1,86,666.5,2,93,666.0,1,131,666.55,1,9,665.8,2,140,666.7,1,90,665.75,3,186,666.75,3,181,665.7,2,160,666.9,5,503
2017-06-20 07:35:57.341311,134657,666.15,1559252,245820,2,-0.149891328787,667.49,668.05,671.85,662.2,667.15,666.2,2,66,666.3,1,9,666.15,3,484,666.45,1,11,665.95,2,65,666.5,2,21,665.9,2,517,666.6,2,14,665.85,1,127,666.65,1,27
